=LDR  07577cas a2201609 a 4500
=001  012099136
=003  Uk
=005  20230210005929.0
=007  ta
=008  950110d19282018enkar\\\\r\\\\0\\\a0eng\\
=FMT  \\$a  SE
=016  \\$a012099136
=019  c\$a2177674
=019  x\$a084128007X
=019  s\$aoaoc00612
=019  s\$aoagh19556
=019  2\$aiolv06511
=019  0\$as076294005
=022  0\$a0000-0213$202
=040  \\$aUk$cUk$dUk
=042  \\$aissnuk
=082  04$a011.34$221
=084  \\$aAA 433$2blsrissc
=210  0\$aWilling's press guide
=222  \0$aWilling's press guide
=245  00$aWilling's press guide.
=246  3\$aWillings press guide
=260  \\$aLondon :$bWilling Service,$c1928-2018
=260  2\$aTeddington :$bHollis Directories
=260  2\$aChesham :$bWaymaker
=260  2\$aChesham :$bRomeike
=260  2\$32008-2010$aChesham :$bCision UK
=260  3\$32011-$aLondon :$bCision UK
=300  \\$av. ;$c22-30 cm.
=310  \\$aAnnual
=336  \\$atext$2rdacontent
=337  \\$aunmediated$2rdamedia
=338  \\$avolume$2rdacarrier
=362  0\$a55th (1928)-
=500  \\$aEarlier issues have subtitle "a comprehensive index and handbook of the press of the United Kingdom of Great Britain, Northern Ireland and the Irish Republic, together with the principal Commonwealth publications."
=515  \\$aVols. for 1949-1950 in a combined issue; from 1991- issued in parts.
=500  \\$aCoverage of publications outside the UK and in non-English languages expands steadily until, in 1991, it occupies enough of the Guide to require publication in parts.
=588  \\$aLatest issue consulted: 2011.
=595  \\$aLATEST EDITION SHELVED IN READING ROOM AT BSRR 070 FORMERLY 9318.983N SEE ALSO CARD INDEX.
=540  \\$aCurrent Copyright Fee: GBP25.00$c0$5Uk
=650  \0$aEnglish newspapers$vDirectories.
=650  \0$aEnglish periodicals$vDirectories.
=650  \0$aNewspapers$vDirectories.
=650  \0$aPeriodicals$vDirectories.
=710  2\$aCision (Firm)
=740  02$aWillings press guide.$nVol. 1,$pUnited Kingdom.
=740  02$aWillings press guide.$nVol. 1,$pUK.
=740  02$aWillings press guide.$nVol. 2,$pOverseas.
=740  02$aWillings press guide.$nVol. 2,$pInternational (excluding UK).
=740  02$aWillings press guide.$nVol. 2,$pWestern Europe (excluding UK).
=740  02$aWillings press guide.$nVol. 2,$pEurope (excluding UK).
=740  02$aWillings press guide.$nVol. 3,$pWorld (excluding UK & Western Europe).
=740  02$aWillings press guide.$nVol. 3,$pWorld (excluding UK & Europe).
=780  00$tWilling's press guide and advertisers' directory and handbook
=852  41$aBritish Library$bOC$jST 1254$338 (1911); 90 (1964)-116 (1990). Deficient: 91 (1965); 93 (1967)***UKRR-Excluded-Out of Scope
=852  11$aBritish Library$bOC$cSPHOA$kOIA$h338.47$3Latest edition only***UKRR-Excluded-Out of Scope
=852  41$aBritish Library$bHMNTS$jPP.2495.g$3UKRR-Excluded-Out of Scope
=852  11$aBritish Library$bHMNTS$cSPHOA$kHUR Enquiry Desk$h338.470705$3Latest edition only***UKRR-Excluded-Out of Scope
=852  11$aBritish Library$bSTI$cBIPC$k(B) DIR$h011.34$mBusiness$3Current issue and supplements only***UKRR-Excluded-Out of Scope
=852  41$aBritish Library$bHMNTS$cSPHOA$kNRR Enquiry Desk$3Latest edition only***UKRR-Excluded-Out of Scope
=852  11$aBritish Library$bHMNTS$cSPHOA$kOPQ$h016.05$3Latest edition only***UKRR-Excluded-Out of Scope
=852  41$aBritish Library$bDSC$j9319.000000$31932-2009***UKRR-Excluded-Out of Scope
=852  71$aBritish Library$bSTI$k(A)$hAA 433$m-E(2)$2blsrissc$3Current issue and supplements only***Enquiry desk 2S***UKRR-Excluded-Out of Scope
=945  \\$aWILLINGS PRESS GUIDE
=959  \\$fHeld but not currently received
=968  \\$bX
=985  \\$aRecord merged by DQ team
=A02  \\$a2177674
=CAT  \\$aWR09-126
=CAT  \\$aBATCH-CLA$b00$c20120229$lBLL01$h1626
=CAT  \\$aIPL-CLA$c20120330$lBLL01$h1429
=CAT  \\$aBATCH-CLA$b00$c20120531$lBLL01$h1711
=CAT  \\$aIPL-CLA$c20120629$lBLL01$h1027
=CAT  \\$aBATCH-CLA$b00$c20120831$lBLL01$h1538
=CAT  \\$aIPL-CLA$c20120930$lBLL01$h2109
=CAT  \\$aBATCH-CLA$b00$c20121109$lBLL01$h1741
=CAT  \\$aWR13.005$c20130323$lBLL01$h1316
=CAT  \\$aBATCH-CLA$b00$c20131129$lBLL01$h1634
=CAT  \\$aIPL-CLA$c20131231$lBLL01$h2300
=CAT  \\$a10849$b40$c20140908$lBLL01$h0940
=CAT  \\$aWR16_021$c20160610$lBLL01$h1937
=CAT  \\$aBATCH-016$c20160905$lBLL01$h1706
=CAT  \\$aBATCH-CLA$b00$c20161130$lBLL01$h1636
=CAT  \\$aIPL-CLA$c20161230$lBLL01$h2054
=CAT  \\$aBATCH-CLA$b00$c20171130$lBLL01$h1651
=CAT  \\$aIPL-CLA$c20171231$lBLL01$h1608
=CAT  \\$a11029$b40$c20190307$lBLL01$h1153
=CAT  \\$a11029$b40$c20190307$lBLL01$h1210
=CAT  \\$aBATCH-CLA$b00$c20191129$lBLL01$h1616
=CAT  \\$aIPL-CLA$c20191231$lBLL01$h1910
=CAT  \\$aBATCH-CLA$b00$c20201126$lBLL01$h1411
=CAT  \\$aIPL-CLA$c20201231$lBLL01$h2131
=CAT  \\$aBATCH-CLA$b00$c20221130$lBLL01$h1441
=CAT  \\$aIPL-CLA$c20221231$lBLL01$h2036
=CAT  \\$aBATCH-CLA$b00$c20230209$lBLL01$h1528
=CAT  \\$aIPL-CLA$c20230210$lBLL01$h0059
=CFI  0\$aCurrent Copyright Fee: GBP25.00$c0$e09-feb-2023$fGBP25.00$g0$hC$5Uk
=CFI  2\$aBritish Library not licensed to copy$c0$e01-jan-2023$hC$iCFP Excluded$5Uk
=FIN  \\$aY
=LEO  \\$aMP10.0000611904
=LEO  \\$aMP22.0000000002
=LEO  \\$aMP25.0000009136
=LEO  \\$aMP1.0000998494.1
=LEO  \\$aMP37.0000019127.1
=LEO  \\$aMP37.0000019127.2
=LEO  \\$aMP13.0000564856
=LKR  \\$aPAR$b000948868$lBLL01$r78000$mWilling's press guide$nWilling's (late May's) British & Irish press guide.
=SRC  \\$aDSS01$bbibmp10.200404.2.aa
=SRC  \\$aISN01$bbibmp22.200404.2.aa
=SRC  \\$aSRI01$bbibmp25.200404.2.aa
=SRC  \\$aBLS01$bbibmp1.200404.2.ab
=SRC  \\$aSPH01$bbibmp37b.200404.2.aa
=SRC  \\$aHSS01$bbibmp13.200404.2.ab
=TCO  \\$aCLA$bCLA$c008
=ACF  \\$aPrevious Copyright Fee: GBP12.00$c0$e01-apr-2012$fGBP12.00$g0$hC$5Uk
=ACF  \\$aPrevious Copyright Fee: GBP12.00$c0$e01-jan-2012$fGBP12.00$g0$hC$5Uk
=ACF  \\$aPrevious Copyright Fee: GBP10.50$c0$e01-oct-2011$fGBP10.50$g0$hC$5Uk
=ACF  \\$aPrevious Copyright Fee: GBP10.50$c0$e01-jul-2011$fGBP10.50$g0$hC$5Uk
=ACF  \\$aPrevious Copyright Fee: GBP10.50$c0$e01-apr-2011$fGBP10.50$g0$hC$5Uk
=ACF  \\$aPrevious Copyright Fee: GBP10.50$c0$e01-jan-2011$fGBP10.50$g0$hC$5Uk
=ACF  \\$aPrevious Copyright Fee: GBP9.00$c0$e01-Jan-2010$fGBP9.00$g0$hC$5Uk
=ACF  \\$aPrevious Copyright Fee: GBP6.00$c0$e01-jan-2008$fGBP6.00$g0$hC$5Uk
=ACF  \\$aPrevious copyright fee: GBP5.00$c0$e03-sep-1998$fGBP5.00$g0$hC$5Uk
=ACF  \\$aCurrent copyright fee: GBP4.60$c0$e01-apr-1997$fGBP4.60$g0$hC$5Uk
=ACF  \\$aPrevious Copyright Fee: GBP12.00$c0$e01-jul-2012$fGBP12.00$g0$hC$5Uk
=ACF  \\$aPrevious Copyright Fee: GBP12.00$c0$e01-oct-2012$fGBP12.00$g0$hC$5Uk
=ACF  \\$aPrevious Copyright Fee: GBP12.30$c0$e01-jan-2014$fGBP12.30$g0$hC$5Uk
=ACF  \\$aPrevious Copyright Fee: GBP15.00$c0$e01-jan-2017$fGBP15.00$g0$hC$5Uk
=ACF  \\$aPrevious Copyright Fee: GBP17.50$c0$e01-jan-2018$fGBP17.50$g0$hC$5Uk
=ACF  \\$aPrevious Copyright Fee: GBP20.00$c0$e01-jan-2020$fGBP20.00$g0$hC$5Uk
=ACF  \\$aPrevious Copyright Fee: GBP22.50$c0$e01-jan-2021$fGBP22.50$g0$hC$5Uk
=LAS  \\$aIPL-CLA$b00$c20230210$lBLL01$h0059

