=LDR  02235cam a2200637 u 4500
=001  012378737
=003  Uk
=005  20220331222044.0
=008  031009s2002\\\\xxua\\\\\b\\\\001\0\eng\\
=FMT  \\$a  BK
=015  \\$aGBA693359$2bnb
=016  7\$a012378737$2Uk
=019  g\$aadv500465090X
=019  a\$aG07628472
=020  \\$a0898715210 (hbk.) :$cNo price
=040  \\$aDLC$cDLC$dUk
=042  \\$aukblsr
=050  00$aQA297
=082  04$a518.42$222
=100  1\$aHigham, Nicholas J.,$d1961-
=245  10$aAccuracy and stability of numerical algorithms /$cNicholas J. Higham.
=250  \\$a2nd ed.
=260  \\$aPhiladelphia, Pa. :$bSociety for Industrial and Applied Mathematics,$cc2002.
=300  \\$axxx, 680 p. :$bill. ;$c27 cm.
=336  \\$atext$2rdacontent
=337  \\$aunmediated$2rdamedia
=338  \\$avolume$2rdacarrier
=500  \\$aPrevious ed.: 1996.
=504  \\$aIncludes bibliographical references and index.
=540  \\$aCurrent Copyright Fee: GBP25.00$c0$5Uk
=650  \0$aNumerical analysis$xData processing.
=650  \0$aComputer algorithms.
=710  2\$aSociety for Industrial and Applied Mathematics.
=852  71$aBritish Library$bSTI$2blsrissc
=852  41$aBritish Library$bDSC$jm03/35173
=852  71$aBritish Library$bSTI$k(B)$hPA 00$2blsrissc
=966  \\$lACQUIS 23/09/2003
=CAT  \\$aCONV$b00$c20040425$lBLL90$h0654
=CAT  \\$aCONV$b00$c20040502$lBLL01$h1507
=CAT  \\$a5375$b40$c20040818$lBLL01$h1250
=CAT  \\$a11187$b40$c20040819$lBLL01$h1309
=CAT  \\$aglobal_upd$b40$c20060417$lBLL01$h1445
=CAT  \\$a12327$b40$c20061031$lBLL01$h1140
=CAT  \\$a6632$b40$c20061103$lBLL01$h1128
=CAT  \\$aBATCH$b00$c20091210$lBLL01$h2305
=CAT  \\$aWR16_021$c20160610$lBLL01$h1938
=CAT  \\$aBATCH-UPD$b00$c20160610$lBLL01$h1950
=CAT  \\$aBATCH-UPD$b00$c20220123$lBLL01$h2124
=CAT  \\$aBATCH-CLAB$c20220330$lBLL01$h1712
=CAT  \\$aIPL-CLA$c20220331$lBLL01$h2220
=CFI  0\$aCurrent Copyright Fee: GBP25.00$c0$e01-apr-2022$fGBP25.00$g0$hC$5Uk
=FIN  \\$aY
=LEO  \\$aMP8.0001801200
=SRC  \\$aMOP01$bbibm1.200404.2.aa
=SRC  \\$aDSC01$bbibmp8.200404.2.ac
=LAS  \\$aIPL-CLA$b00$c20220331$lBLL01$h2220

