=LDR  04110cas a2200973 a 4500
=001  012392966
=003  Uk
=005  20221231204043.0
=007  ta
=008  840117c198u9999enkuu\p\\\\\\o0\\\a0eng\\
=FMT  \\$a  SE
=019  c\$a2050117
=019  0\$as014941007
=040  \\$aUk$cUk$dUk
=042  \\$aukblsr
=082  04$a348.41028$221
=084  \\$aBA 23$2blsrissc
=245  00$aChronological table of the statutes.
=260  \\$aLondon :$bHMSO.
=264  31$aNorwich :$bTSO (the Stationery Office)
=300  \\$c25cm.
=336  \\$atext$2rdacontent
=337  \\$aunmediated$2rdamedia
=338  \\$avolume$2rdacarrier
=588  \\$aLatest issue consulted: Part III (1993/2013), published 2014.
=595  \\$aFORMERLY 3188.379 CHANGE BETWEEN ED. 54, 1939 AND 1983 SEE ALSO OFFICIAL PUBLICATIONS SEE SERIAL RECORDS KCS LAW FOR LOCS.
=540  \\$aCurrent Copyright Fee: GBP25.00$c0$5Uk
=650  \0$aStatutes$zGreat Britain$vPeriodicals.
=852  41$aBritish Library$bHMNTS$jBS.24.D/4$3Earlier editions.
=852  41$aBritish Library$bDSC$j3188.380000$31235/1983- 1235/1984 *A=1; 1951/1986 *A=1
=852  71$aBritish Library$bSTI$k(P)$hBA 23$m-E(5)$2blsrissc
=852  41$aBritish Library$bHMNTS$kOPL Index$3Latest edition.
=852  41$aBritish Library$bHMNTS$jZC.9.a.10025
=945  \\$aCHRONOLOGICAL TABLES OF THE STATUTES.
=959  \\$fHeld but not currently received
=968  \\$bR
=985  \\$aRecord merged by SUNCAT team
=A02  \\$a2050117
=CAT  \\$aCONV$b00$c20040425$lBLL90$h0701
=CAT  \\$aBATCH-UPD$b00$c20100331$lBLL01$h2316
=CAT  \\$aBATCH-UPD$b00$c20100401$lBLL01$h0238
=CAT  \\$aBATCH$b00$c20100401$lBLL01$h0541
=CAT  \\$aBATCH$b00$c20100401$lBLL01$h1612
=CAT  \\$aBATCH-UPD$b00$c20101124$lBLL01$h1932
=CAT  \\$aBATCH-UPD$b00$c20101125$lBLL01$h1200
=CAT  \\$aIPL-CLA$c20101231$lBLL01$h1453
=CAT  \\$aWR11_203$c20111204$lBLL01$h1456
=CAT  \\$aIPL-CLA$c20111230$lBLL01$h1959
=CAT  \\$aBATCH-CLA$b00$c20121109$lBLL01$h1740
=CAT  \\$aWR13.005$c20130323$lBLL01$h1452
=CAT  \\$aBATCH-CLA$c20131220$lBLL01$h2005
=CAT  \\$aIPL-CLA$c20131231$lBLL01$h2305
=CAT  \\$a8124$b40$c20150212$lBLL01$h0757
=CAT  \\$aBATCH-CLA$b00$c20161222$lBLL01$h1756
=CAT  \\$aIPL-CLA$c20161230$lBLL01$h2059
=CAT  \\$aBATCH-CLA$b00$c20171222$lBLL01$h2115
=CAT  \\$aIPL-CLA$c20171231$lBLL01$h1612
=CAT  \\$aBATCH-CLA$b00$c20191219$lBLL01$h1724
=CAT  \\$aIPL-CLA$c20191231$lBLL01$h1913
=CAT  \\$aR2001-1524$c20200127$lBLL01$h1959
=CAT  \\$aBATCH-CLA$b00$c20201204$lBLL01$h1524
=CAT  \\$aIPL-CLA$c20201231$lBLL01$h2135
=CAT  \\$aBATCH-CLA$b00$c20221221$lBLL01$h1832
=CAT  \\$aIPL-CLA$c20221231$lBLL01$h2040
=CFI  0\$aCurrent Copyright Fee: GBP25.00$c0$e01-jan-2023$fGBP25.00$g0$hA$5Uk
=CFI  2\$aPrevious Copyright Fee: GBP22.50$c0$e01-jan-2021$fGBP22.50$g0$hA$5Uk
=FIN  \\$aY
=LEO  \\$aMP25.0000001068
=LEO  \\$aMP10.0000145668
=SRC  \\$aSRI01$bbibmp25.200404.2.aa
=SRC  \\$aDSS01$bbibmp10.200404.2.aa
=TCO  \\$aCLA$bCLA$c008
=ACF  \\$aPrevious copyright fee: GBP9.00$c0$e01-apr-2010$fGBP9.00$g0$hA$5Uk
=ACF  \\$aPrevious copyright fee: GBP6.00$c0$e01-apr-2008$fGBP6.00$g0$hA$5Uk
=ACF  \\$aPrevious copyright fee: GBP5.00$c0$e01-jul-2002$fGBP5.00$g0$hA$5Uk
=ACF  \\$aCurrent copyright fee: GBP4.40$c0$e01-jul-1998$fGBP4.40$g0$hA$5Uk
=ACF  \\$aCurrent copyright fee: GBP4.20$c0$e01-apr-1997$fGBP4.20$g0$hA$5Uk
=ACF  \\$aPrevious copyright fee: GBP10.50$c0$e01-jan-2011$fGBP10.50$g0$hA$5Uk
=ACF  \\$aPrevious copyright fee: GBP12.00$c0$e01-jan-2012$fGBP12.00$g0$hA$5Uk
=ACF  \\$aPrevious Copyright Fee: GBP12.30$c0$e01-jan-2014$fGBP12.30$g0$hA$5Uk
=ACF  \\$aPrevious Copyright Fee: GBP15.00$c0$e01-jan-2017$fGBP15.00$g0$hA$5Uk
=ACF  \\$aPrevious Copyright Fee: GBP17.50$c0$e01-jan-2018$fGBP17.50$g0$hA$5Uk
=ACF  \\$aPrevious Copyright Fee: GBP20.00$c0$e01-jan-2020$fGBP20.00$g0$hA$5Uk
=LAS  \\$aIPL-CLA$b00$c20221231$lBLL01$h2040

