=LDR  02626 as a2200673 a 4500
=001  012447476
=003  Uk
=005  20150501151712.0
=007  ta
=008  040416c199u9999enkar\\\\s\\\\0\\\a0eng\\
=016  \\$a012447476
=040  \\$aUk$beng$cUk$dUk
=042  \\$aukblsr
=082  04$a338.4769018220941$222
=084  \\$aWP 25$2blsrissc
=245  04$aThe market for domestic entrance doors /$cPalmer Market Research.
=246  1\$iMinor title change:$aMarket for domestic entrance doors in Great Britain,$f<2014->
=260  \\$aThames Ditton :$bPalmer Market Research
=260  3\$aSurbiton :$bPalmer Market Research
=300  \\$av. :$bill., maps ;$c30 cm.
=310  \\$aAnnual
=336  \\$atext$2rdacontent
=337  \\$aunmediated$2rdamedia
=338  \\$avolume$2rdacarrier
=500  \\$aDescription based on: 1995 ed.
=588  \\$aLatest issue consulted: 2014 edition (March 2015).
=650  \0$aDoor industry$zGreat Britain$vPeriodicals.
=650  \0$aDoor industry$zGreat Britain$vStatistics$vPeriodicals.
=650  \0$aMarket surveys$zGreat Britain$vPeriodicals.
=690  7\$aManagement and Business Studies$2blcoll
=710  2\$aPalmer Market Research Ltd.
=852  41$aBritish Library$bSTI$cBIPC$jBusiness Reserve Embargo$3Unavailable for 4 years
=852  11$aBritish Library$bSTI$cBIPC$k(B) MKT$h338.4769018220941$mBusiness$3Earliest available issue
=852  71$aBritish Library$bSTI$2blsrissc$32005
=852  71$aBritish Library$bSTI$cRES$k(XB)$hWP 25$31999
=852  71$aBritish Library$bSTI$cRES$k(B)$hWP 25$mBusiness$2blsrissc$31996
=852  41$aBritish Library$bHMNTS$jZK.9.b.33479$32008-***Earlier issues
=A02  \\$a1438281$z38281
=CAT  \\$aCONV$b00$c20040425$lBLL90$h0713
=CAT  \\$aCONV$b00$c20040502$lBLL01$h1509
=CAT  \\$a8871$b40$c20090121$lBLL01$h0832
=CAT  \\$aBATCH$b00$c20090610$lBLL01$h1715
=CAT  \\$a8483$b40$c20091021$lBLL01$h1221
=CAT  \\$aBATCH$b00$c20091210$lBLL01$h2336
=CAT  \\$aBATCH$b00$c20091214$lBLL01$h0847
=CAT  \\$aBATCH$b00$c20091216$lBLL01$h0221
=CAT  \\$a8871$b40$c20101118$lBLL01$h1657
=CAT  \\$aBATCH$b00$c20101119$lBLL01$h0817
=CAT  \\$a10806$b40$c20101119$lBLL01$h1308
=CAT  \\$a7792$b40$c20110419$lBLL01$h1142
=CAT  \\$a8874$b40$c20111101$lBLL01$h1514
=CAT  \\$a10806$b40$c20150501$lBLL01$h1517
=CAT  \\$aWR16_021$c20160610$lBLL01$h1938
=CAT  \\$aBATCH-016$c20160905$lBLL01$h1706
=FIN  \\$aY$d20090121
=FMT  \\$a  SE
=LAS  \\$aBATCH-016$b00$c20160905$lBLL01$h1706
=SRC  \\$aDSS03$bbibsr.200404.2.aa
=TCO  \\$aCLA$bCLA$c008

