=LDR  07690cas a2201633 a 4500
=001  012482516
=003  Uk
=005  20230210010110.0
=006  ab\\\|||||||||||||
=007  ta
=008  930316d19882011enkar\p\\\\\\\0\\\a0eng\\
=FMT  \\$a  SE
=015  \\$aGB9314186$2bnb
=016  \\$a012482516
=019  y\$ab9314186
=019  9\$ab9314186
=019  1\$ab9314186
=019  c\$a2479509
=019  0\$as588730009
=022  0\$a0969-1243$202
=039  0\$a2230
=040  \\$aUk$cUk$dUk
=042  \\$aissnuk
=082  04$a387.736098$220
=084  \\$aAA 761$2blsrissc
=210  0\$aJane's airpt. handl. agents, Cent. Lat. Am. incl. Caribb.
=222  \0$aJane's airports and handling agents. Central Latin America, including the Caribbean
=245  00$aJane's airports and handling agents. Central and Latin America, including the Caribbean.
=246  3\$aJAHA. CLA
=260  \\$aCoulsdon :$bJane's Information Group,$c[1988]-2011
=300  \\$av. :$b1 map ;$c21 cm.
=310  \\$aAnnual
=336  \\$atext$2rdacontent
=337  \\$aunmediated$2rdamedia
=338  \\$avolume$2rdacarrier
=362  0\$a[1988/89]-
=595  \\$aSEE ALSO 4645.98N FOR H&SS HOLDINGS SEE ALSO CARD INDEX.
=500  \\$aDescription based on: 1990-91.
=540  \\$aCurrent Copyright Fee: GBP25.00$c0$5Uk
=650  \0$aAirports$zSouth America$vDirectories.
=650  \0$aFixed base operators industry$zSouth America$vDirectories.
=650  \0$aAirports$zCentral America$vDirectories.
=650  \0$aFixed base operators industry$zCentral America$vDirectories.
=650  \0$aAirports$zCaribbean Area$vDirectories.
=650  \0$aFixed base operators industry$zCaribbean Area$vDirectories.
=653  1\$aAirports
=653  1\$aCaribbean region
=653  1\$aCentral America
=653  1\$aSouth America
=785  00$tIHS Jane's airports & handling agents. Central & Latin America, including the Caribbean$x2053-5325
=852  \\$aBritish Library$bSTI$cBIPC
=852  71$aBritish Library$bSTI$cRES$k(XP)$hAA 761$m-E(15)$2blsrissc$31992/93-***Earlier issues
=852  11$aBritish Library$bSTI$cBIPC$k(B) DIR$h387.736$mBusiness$31992/93-2011/2012***Current issue
=852  41$aBritish Library$bHMNTS$jZK.9.a.1968$31990/1991-
=945  \\$aJanes airports and handling agents -Central and Latin America including the Caribbean-.
=979  \\$aBritish Library$bDSC$j4645.980500N
=985  \\$aRecord merged by DQ team
=CAT  \\$aCONV$b00$c20040425$lBLL90$h0726
=CAT  \\$aIPL-CLA$c20120330$lBLL01$h1433
=CAT  \\$aBATCH-CLA$b00$c20120531$lBLL01$h1703
=CAT  \\$aIPL-CLA$c20120629$lBLL01$h1031
=CAT  \\$aBATCH-CLA$b00$c20120831$lBLL01$h1536
=CAT  \\$aIPL-CLA$c20120930$lBLL01$h2116
=CAT  \\$aBATCH-CLA$b00$c20121109$lBLL01$h1732
=CAT  \\$aWR13.005$c20130323$lBLL01$h1514
=CAT  \\$a5997$b40$c20130904$lBLL01$h0905
=CAT  \\$a5997$b40$c20130904$lBLL01$h1517
=CAT  \\$aBATCH-CLA$b00$c20131129$lBLL01$h1642
=CAT  \\$aIPL-CLA$c20131231$lBLL01$h2330
=CAT  \\$aWR14_140$c20140905$lBLL01$h1802
=CAT  \\$aWR16_021$c20160610$lBLL01$h1938
=CAT  \\$aBATCH-016$c20160905$lBLL01$h1706
=CAT  \\$a7778$b40$c20160907$lBLL01$h0943
=CAT  \\$aBATCH-CLA$b00$c20161130$lBLL01$h1630
=CAT  \\$aIPL-CLA$c20161230$lBLL01$h2116
=CAT  \\$aBATCH-CLA$b00$c20171130$lBLL01$h1703
=CAT  \\$aIPL-CLA$c20171231$lBLL01$h1625
=CAT  \\$aBATCH-CLA$b00$c20191129$lBLL01$h1619
=CAT  \\$aIPL-CLA$c20191231$lBLL01$h1923
=CAT  \\$aBATCH-CLA$b00$c20201126$lBLL01$h1414
=CAT  \\$aIPL-CLA$c20201231$lBLL01$h2146
=CAT  \\$aBATCH-CLA$b00$c20221130$lBLL01$h1424
=CAT  \\$aIPL-CLA$c20221231$lBLL01$h2049
=CAT  \\$aBATCH-CLA$b00$c20230209$lBLL01$h1511
=CAT  \\$aIPL-CLA$c20230210$lBLL01$h0101
=CFI  0\$aCurrent Copyright Fee: GBP25.00$c0$e09-feb-2023$fGBP25.00$g0$hC$5Uk
=CFI  2\$aBritish Library not licensed to copy$c0$e01-jan-2023$hC$iCFP Excluded$5Uk
=FIN  \\$aY
=LEO  \\$aMP25.0000279795
=LEO  \\$aMP10.0000308997
=LEO  \\$aMP5.0000805874
=LEO  \\$aMP13.0000318125
=LEO  \\$aMP22.0000039939
=SRC  \\$aDSS03$bbibsr.200404.2.aa
=SRC  \\$aSRI01$bbibmp25.200404.2.aa
=SRC  \\$aDSS01$bbibmp10.200404.2.aa
=SRC  \\$aBNB03$bbibmp5.200404.2.ab
=SRC  \\$aHSS01$bbibmp13.200404.2.aa
=SRC  \\$aISN01$bbibmp22.200404.2.aa
=TCO  \\$aCLA$bCLA$c008
=ACF  \\$aPrevious Copyright Fee: GBP12.00$c0$e01-apr-2012$fGBP12.00$g0$hC$5Uk
=ACF  \\$aPrevious Copyright Fee: GBP12.00$c0$e01-jan-2012$fGBP12.00$g0$hC$5Uk
=ACF  \\$aPrevious Copyright Fee: GBP10.50$c0$e01-oct-2011$fGBP10.50$g0$hC$5Uk
=ACF  \\$aPrevious Copyright Fee: GBP10.50$c0$e01-jul-2011$fGBP10.50$g0$hC$5Uk
=ACF  \\$aPrevious Copyright Fee: GBP10.50$c0$e01-apr-2011$fGBP10.50$g0$hC$5Uk
=ACF  \\$aPrevious Copyright Fee: GBP10.50$c0$e01-jan-2011$fGBP10.50$g0$hC$5Uk
=ACF  \\$aPrevious Copyright Fee: GBP9.00$c0$e01-oct-2010$fGBP9.00$g0$hC$5Uk
=ACF  \\$aPrevious Copyright Fee: GBP9.00$c0$e01-jul-2010$fGBP9.00$g0$hC$5Uk
=ACF  \\$aPrevious Copyright Fee: GBP9.00$c0$e01-apr-2010$fGBP9.00$g0$hC$5Uk
=ACF  \\$aPrevious Copyright Fee: GBP9.00$c0$e01-Jan-2010$fGBP9.00$g0$hC$5Uk
=ACF  \\$aPrevious Copyright Fee: GBP6.00$c0$e01-oct-2009$fGBP6.00$g0$hC$5Uk
=ACF  \\$aPrevious Copyright Fee: GBP6.00$c0$e01-jul-2009$fGBP6.00$g0$hC$5Uk
=ACF  \\$aPrevious Copyright Fee: GBP6.00$c0$e01-apr-2009$fGBP6.00$g0$hC$5Uk
=ACF  \\$aPrevious Copyright Fee: GBP6.00$c0$e01-jan-2009$fGBP6.00$g0$hC$5Uk
=ACF  \\$aPrevious Copyright Fee: GBP6.00$c0$e01-oct-2008$fGBP6.00$g0$hC$5Uk
=ACF  \\$aPrevious Copyright Fee: GBP6.00$c0$e01-jul-2008$fGBP6.00$g0$hC$5Uk
=ACF  \\$aPrevious Copyright Fee: GBP6.00$c0$e01-apr-2008$fGBP6.00$g0$hC$5Uk
=ACF  \\$aPrevious Copyright Fee: GBP6.00$c0$e01-jan-2008$fGBP6.00$g0$hC$5Uk
=ACF  \\$aPrevious Copyright Fee: GBP5.00$c0$e01-oct-2007$fGBP5.00$g0$hC$5Uk
=ACF  \\$aPrevious Copyright Fee: GBP5.00$c0$e01-jul-2007$fGBP5.00$g0$hC$5Uk
=ACF  \\$aPrevious Copyright Fee: GBP5.00$c0$e01-apr-2007$fGBP5.00$g0$hC$5Uk
=ACF  \\$aPrevious Copyright Fee: GBP5.00$c0$e01-jan-2007$fGBP5.00$g0$hC$5Uk
=ACF  \\$aPrevious Copyright Fee: GBP5.00$c0$e01-oct-2006$fGBP5.00$g0$hC$5Uk
=ACF  \\$aPrevious Copyright Fee: GBP5.00$c0$e01-jul-2006$fGBP5.00$g0$hC$5Uk
=ACF  \\$aPrevious Copyright Fee: GBP5.00$c0$e01-apr-2006$fGBP5.00$g0$hC$5Uk
=ACF  \\$aPrevious Copyright Fee: GBP5.00$c0$e01-jan-2006$fGBP5.00$g0$hC$5Uk
=ACF  \\$aPrevious Copyright Fee: GBP5.00$c0$e01-oct-2005$fGBP5.00$g0$hC$5Uk
=ACF  \\$aPrevious Copyright Fee: GBP5.00$c0$e01-jul-2005$fGBP5.00$g0$hC$5Uk
=ACF  \\$aPrevious Copyright Fee: GBP5.00$c0$e01-apr-2005$fGBP5.00$g0$hC$5Uk
=ACF  \\$aPrevious Copyright Fee: GBP5.00$c0$e01-jan-2005$fGBP5.00$g0$hC$5Uk
=ACF  \\$aPrevious Copyright Fee: GBP5.00$c0$e01-oct-2004$fGBP5.00$g0$hC$5Uk
=ACF  \\$aPrevious Copyright Fee: GBP12.00$c0$e01-jul-2012$fGBP12.00$g0$hC$5Uk
=ACF  \\$aPrevious Copyright Fee: GBP12.00$c0$e01-oct-2012$fGBP12.00$g0$hC$5Uk
=ACF  \\$aPrevious Copyright Fee: GBP12.30$c0$e01-jan-2014$fGBP12.30$g0$hC$5Uk
=ACF  \\$aPrevious Copyright Fee: GBP15.00$c0$e01-jan-2017$fGBP15.00$g0$hC$5Uk
=ACF  \\$aPrevious Copyright Fee: GBP17.50$c0$e01-jan-2018$fGBP17.50$g0$hC$5Uk
=ACF  \\$aPrevious Copyright Fee: GBP20.00$c0$e01-jan-2020$fGBP20.00$g0$hC$5Uk
=ACF  \\$aPrevious Copyright Fee: GBP22.50$c0$e01-jan-2021$fGBP22.50$g0$hC$5Uk
=LAS  \\$aIPL-CLA$b00$c20230210$lBLL01$h0101

