=LDR  07139cas a22014897a 4500
=001  012485802
=003  Uk
=005  20230210010121.0
=007  ta
=008  870804d1986200uenku|2\|||\\\||\\\a0mul\\
=FMT  \\$a  SE
=015  \\$aGB9341540$2bnb
=019  y\$ab9341540
=019  9\$ab9341540
=019  1\$ab9341540
=019  c\$a2327082
=019  0\$as541643002
=022  0\$a0952-3626$202
=039  0\$a2254
=040  \\$aUk$cUk$dUk
=041  0\$aeng$afre$ager
=082  04$a338.70254$221
=084  \\$aAA 503$2blsrissc
=210  0\$aDir. Eur. ind. trade assoc.
=222  \0$aDirectory of European industrial & trade associations
=245  00$aDirectory of European industrial & trade associations =$bRépertoire des associations Européennes dans l'industrie et le commerce = Handbuch der Europäischen Verbände im Bereich der gewerblichen Wirtschaft.
=246  01$aRépertoire des associations européennes dans l'industrie et le commerce
=246  01$aHandbuch der Europäischen Verbände im Bereich der qewerblichen Wirtschaft
=246  3\$aDirectory of European industrial and trade associations
=260  \\$aBeckenham :$bCBD Research,$c1986-
=300  \\$av. ;$c31 cm.
=310  \\$aIrregular
=336  \\$atext$2rdacontent
=337  \\$aunmediated$2rdamedia
=338  \\$avolume$2rdacarrier
=362  0\$a1st ed.-
=362  1\$aCeased in 2008?
=500  \\$aDescription based on: 5th ed.
=595  \\$aFORMERLY 3593.52 UP TO ED. 3, 1981 LATEST EDITION HELD IN READING ROOM AT Q068.4 AND MONO SELECTION.
=540  \\$aCurrent Copyright Fee: GBP25.00$c0$5Uk
=653  1\$aBusiness
=653  1\$aEurope
=690  7\$aManagement and Business Studies$2blcoll
=710  2\$aCBD Research.
=740  0\$aHandbuch der Europäischen Verbände im Bereich der gewerblichen Wirtschaft.
=780  01$tDirectory of European associations. Part 1. National industrial, trade & professional associations$x0070-5500
=852  41$aBritish Library$bHMNTS$kOPL Enquiry Desk$h060
=852  71$aBritish Library$bSTI$k(B)$hAA 503$mBusiness Desk$2blsrissc$3Current issue
=852  41$aBritish Library$bDSC$j3593.528000$3Edition 4 (1986)-ed. 7 (2008)
=852  71$aBritish Library$bSTI$cRES$k(XB)$hAA 503$2blsrissc$3Earlier issues
=852  41$aBritish Library$bHMNTS$jZK.9.b.5893$31st ed.-***Edition 4 (1986)-
=852  41$aBritish Library$bHMNTS$jYD.2022.b.40
=945  \\$aDIRECTORY OF EUROPEAN INDUSTRIAL AND TRADE ASSOCIATIONS
=959  \\$fHeld but not currently received
=985  \\$aUpgraded by BSS-generated file for WR2011-1473
=CAT  \\$aWR09-126
=CAT  \\$aBATCH-CLA$b00$c20111130$lBLL01$h1158
=CAT  \\$aIPL-CLA$c20111230$lBLL01$h2016
=CAT  \\$aBATCH-CLA$b00$c20120229$lBLL01$h1622
=CAT  \\$aIPL-CLA$c20120330$lBLL01$h1433
=CAT  \\$aBATCH-CLA$b00$c20120531$lBLL01$h1703
=CAT  \\$aIPL-CLA$c20120629$lBLL01$h1031
=CAT  \\$aBATCH-CLA$b00$c20120831$lBLL01$h1540
=CAT  \\$aIPL-CLA$c20120930$lBLL01$h2116
=CAT  \\$aBATCH-CLA$b00$c20121109$lBLL01$h1732
=CAT  \\$aWR13.005$c20130323$lBLL01$h1514
=CAT  \\$aBATCH-CLA$b00$c20131129$lBLL01$h1641
=CAT  \\$aIPL-CLA$c20131231$lBLL01$h2330
=CAT  \\$a7778$b40$c20140627$lBLL01$h1209
=CAT  \\$aWR14_140$c20140905$lBLL01$h1803
=CAT  \\$aBATCH-CLA$b00$c20161130$lBLL01$h1640
=CAT  \\$aIPL-CLA$c20161230$lBLL01$h2116
=CAT  \\$aBATCH-CLA$b00$c20171130$lBLL01$h1649
=CAT  \\$aIPL-CLA$c20171231$lBLL01$h1625
=CAT  \\$aBATCH-CLA$b00$c20191129$lBLL01$h1625
=CAT  \\$aIPL-CLA$c20191231$lBLL01$h1923
=CAT  \\$aW2011-1473$b00$c20201124$lBLL01$h1854
=CAT  \\$aBATCH-CLA$b00$c20201126$lBLL01$h1414
=CAT  \\$aIPL-CLA$c20201231$lBLL01$h2146
=CAT  \\$aBATCH-CLA$b00$c20221130$lBLL01$h1441
=CAT  \\$aIPL-CLA$c20221231$lBLL01$h2049
=CAT  \\$aBATCH-CLA$b00$c20230209$lBLL01$h1528
=CAT  \\$aIPL-CLA$c20230210$lBLL01$h0101
=CFI  0\$aCurrent Copyright Fee: GBP25.00$c0$e09-feb-2023$fGBP25.00$g0$hC$5Uk
=CFI  2\$aBritish Library not licensed to copy$c0$e01-jan-2023$hC$iCFP Excluded$5Uk
=FIN  \\$aY
=LEO  \\$aMP5.0000810759
=LEO  \\$aMP13.0000321472
=LEO  \\$aMP22.0000026186
=LEO  \\$aMP10.0000189427
=LEO  \\$aMP25.0000233029
=SRC  \\$aBNB03$bbibmp5.200404.2.ab
=SRC  \\$aHSS01$bbibmp13.200404.2.aa
=SRC  \\$aSRI01$bbibmp25.200404.2.aa
=SRC  \\$aISN01$bbibmp22.200404.2.aa
=SRC  \\$aDSS01$bbibmp10.200404.2.aa
=SSD  \\$a74510{dollar}aRépertoire des associations européennes dans l'industrie et le commerce; 74510{dollar}aHandbuch der europäischen Verbände im Bereich der gewerblichen Wirtschaft
=TCO  \\$aCLA$bCLA$c008
=ACF  \\$aPrevious Copyright Fee: GBP12.00$c0$e01-apr-2012$fGBP12.00$g0$hC$5Uk
=ACF  \\$aPrevious Copyright Fee: GBP12.00$c0$e01-jan-2012$fGBP12.00$g0$hC$5Uk
=ACF  \\$aPrevious Copyright Fee: GBP10.50$c0$e01-oct-2011$fGBP10.50$g0$hC$5Uk
=ACF  \\$aPrevious Copyright Fee: GBP10.50$c0$e01-jul-2011$fGBP10.50$g0$hC$5Uk
=ACF  \\$aPrevious Copyright Fee: GBP10.50$c0$e01-apr-2011$fGBP10.50$g0$hC$5Uk
=ACF  \\$aPrevious Copyright Fee: GBP10.50$c0$e01-jan-2011$fGBP10.50$g0$hC$5Uk
=ACF  \\$aPrevious Copyright Fee: GBP9.00$c0$e01-oct-2010$fGBP9.00$g0$hC$5Uk
=ACF  \\$aPrevious Copyright Fee: GBP9.00$c0$e01-jul-2010$fGBP9.00$g0$hC$5Uk
=ACF  \\$aPrevious Copyright Fee: GBP9.00$c0$e01-apr-2010$fGBP9.00$g0$hC$5Uk
=ACF  \\$aPrevious Copyright Fee: GBP9.00$c0$e01-Jan-2010$fGBP9.00$g0$hC$5Uk
=ACF  \\$aPrevious Copyright Fee: GBP6.00$c0$e01-oct-2009$fGBP6.00$g0$hC$5Uk
=ACF  \\$aPrevious Copyright Fee: GBP6.00$c0$e01-jul-2009$fGBP6.00$g0$hC$5Uk
=ACF  \\$aPrevious Copyright Fee: GBP6.00$c0$e01-apr-2009$fGBP6.00$g0$hC$5Uk
=ACF  \\$aPrevious Copyright Fee: GBP6.00$c0$e01-jan-2009$fGBP6.00$g0$hC$5Uk
=ACF  \\$aPrevious Copyright Fee: GBP6.00$c0$e01-oct-2008$fGBP6.00$g0$hC$5Uk
=ACF  \\$aPrevious Copyright Fee: GBP6.00$c0$e01-jul-2008$fGBP6.00$g0$hC$5Uk
=ACF  \\$aPrevious Copyright Fee: GBP6.00$c0$e01-apr-2008$fGBP6.00$g0$hC$5Uk
=ACF  \\$aPrevious Copyright Fee: GBP6.00$c0$e01-jan-2008$fGBP6.00$g0$hC$5Uk
=ACF  \\$aPrevious copyright fee: GBP5.00$c0$e01-jul-2002$fGBP5.00$g0$hC$5Uk
=ACF  \\$aCurrent copyright fee: GBP2.50$c0$e01-jul-1998$fGBP2.50$g0$hC$5Uk
=ACF  \\$aCurrent copyright fee: GBP2.30$c0$e01-apr-1997$fGBP2.30$g0$hC$5Uk
=ACF  \\$aPrevious Copyright Fee: GBP12.00$c0$e01-jul-2012$fGBP12.00$g0$hC$5Uk
=ACF  \\$aPrevious Copyright Fee: GBP12.00$c0$e01-oct-2012$fGBP12.00$g0$hC$5Uk
=ACF  \\$aPrevious Copyright Fee: GBP12.30$c0$e01-jan-2014$fGBP12.30$g0$hC$5Uk
=ACF  \\$aPrevious Copyright Fee: GBP15.00$c0$e01-jan-2017$fGBP15.00$g0$hC$5Uk
=ACF  \\$aPrevious Copyright Fee: GBP17.50$c0$e01-jan-2018$fGBP17.50$g0$hC$5Uk
=ACF  \\$aPrevious Copyright Fee: GBP20.00$c0$e01-jan-2020$fGBP20.00$g0$hC$5Uk
=ACF  \\$aPrevious Copyright Fee: GBP22.50$c0$e01-jan-2021$fGBP22.50$g0$hC$5Uk
=LAS  \\$aIPL-CLA$b00$c20230210$lBLL01$h0101

