=LDR  01371 am a2200373ua 4500
=001  012764793
=003  Uk
=005  20101008200000.0
=008  830726s1970\\\\enk\\\\||\\\\|||0\||eng\\
=019  0\$as132339005
=040  \\$aUk$cUk
=084  \\$aBG 302$2blsrissc
=110  2\$aEuropean Economic Community.$bCommunity Patent Working Party.
=245  10$aPatents in the Common Market :$bunofficial translation of a preliminary draft of a Convention for the European Patent for the Common Market /$cprepared by the "Community patent" Working Party [of EEC].
=260  \\$aLondon :$bHMSO,$c1970.
=300  \\$a45p. ;$c21cm.
=336  \\$atext$2rdacontent
=337  \\$aunmediated$2rdamedia
=338  \\$avolume$2rdacarrier
=500  \\$aPublished for the Board of Trade.
=710  1\$aGreat Britain.$bBoard of Trade.
=852  11$aBritish Library$bDSC$hQ608.7*1*
=852  41$aBritish Library$bDSC$jOP-70/T
=852  41$aBritish Library$bDSC$jW43/9962
=852  71$aBritish Library$bSTI$cRES$k(B)$hBG 302 Law$2blsrissc
=CAT  \\$aCONV$b00$c20040425$lBLL90$h0852
=CAT  \\$aCONV$b00$c20040502$lBLL01$h1519
=CAT  \\$aBATCH$b00$c20091123$lBLL01$h0330
=CAT  \\$aBATCH-UPD$b00$c20101008$lBLL01$h2000
=FIN  \\$aY
=FMT  \\$a  BK
=LAS  \\$aBATCH-UPD$b00$c20101008$lBLL01$h2000
=LEO  \\$aMP25.0000034408
=SRC  \\$aSRI01$bbibmp25.200404.2.aa

