=LDR  02824pam a2200589 a 4500
=001  012875027
=003  Uk
=005  20041108115628.0
=008  040422s2004\\\\xxuab\\\\b\\\\000\0\eng\\
=FMT  \\$a  BK
=010  \\$a2003064557  
=015  \\$aGBA4X6025$2bnb
=016  7\$a012875027$2Uk
=020  \\$a0817351302 (v. 1 : pbk.) :$cNo price
=020  \\$a0817351310 (v. 2 : pbk.) :$cNo price
=020  \\$a0817351329 (v. 3 : pbk.) :$c£14.50
=020  \\$a0817351337 (v. 4 : pbk.) :$c£18.50
=040  \\$aStDuBDS
=082  04$a596.09761$222
=245  00$aAlabama wildlife /$c[edited by] Ralph E. Mirarchi ... [et al.].
=260  \\$aTuscaloosa, Al. :$bUniversity of Alabama Press ;$a[London :$bEurospan, distributor],$c2004.
=300  \\$a4 v. :$bcol. ill., col. maps ;$c23 cm.
=336  \\$atext$2rdacontent
=337  \\$aunmediated$2rdamedia
=338  \\$avolume$2rdacarrier
=505  0\$av. 1. A checklist of vertebrates and selected invertebrates: aquatic mollusks, fishes, amphibians, reptiles, birds, and mammals -- v. 2. Imperiled aquatic mollusks and fishes -- v. 3. Imperiled amphibians, reptiles, birds, and mammals -- v. 4. Conservation and management: recommendations for imperiled wildlife.
=500  \\$a"Published for, and in cooperation with, the Division of Wildlife and Freshwater Fisheries, Department of Conservation and Natural Resources and the School of Forestry and Wildlife Sciences and the Alabama Experiment Station, Auburn University"--T.p.
=500  \\$aRevision of: Vertebrate wildlife of Alabama. 1984 and Vertebrate animals of Alabama in need of special attention. 1986.
=504  \\$aIncludes bibliographical references.
=500  \\$aFormerly CIP.$5Uk
=650  \0$aVertebrates$zAlabama.
=650  \0$aEndangered species$zAlabama.
=700  1\$aMirarchi, R. E.$q(Ralph Edward),$d1950-
=710  1\$aAlabama.$bDivision of Wildlife and Freshwater Fisheries.
=710  2\$aAuburn University.$bSchool of Forestry and Wildlife Sciences.
=710  2\$aAlabama Agricultural Experiment Station.
=730  0\$aVertebrate wildlife of Alabama.
=730  0\$aVertebrate animals of Alabama in need of special attention.
=852  11$aBritish Library$bSTI$k(B)$h596.09761
=852  41$aBritish Library$bHMNTS$ivol. 4
=852  11$aBritish Library$bSTI$k(B)$h596.09761
=852  41$aBritish Library$bHMNTS$jYK.2006.a.3867$ivol. 1
=852  41$aBritish Library$bHMNTS$jYK.2006.a.3862$ivol. 4
=CAT  \\$aBATCH$b00$c20040530$lBLL01$h1135
=CAT  \\$c20040530$lBLL01$h1136
=CAT  \\$c20040530$lBLL01$h1142
=CAT  \\$aCIPCORR$c20040613$lBLL01$h1856
=CAT  \\$a6923$b40$c20040722$lBLL01$h0927
=CAT  \\$a11317$b40$c20041108$lBLL01$h1156
=CAT  \\$aWR16_021$c20160610$lBLL01$h1939
=FIN  \\$aY
=LAS  \\$aWR16_021$b00$c20160610$lBLL01$h1939

