=LDR  02623cam a2200685 a 4500
=001  012876224
=003  Uk
=005  20230302175624.0
=008  040413s2004\\\\xxua\\\\\b\\\\001\0\eng\\
=FMT  \\$a  BK
=015  \\$aGBA4X4838$2bnb
=016  7\$a012876224$2Uk
=020  \\$a0824756495 :$cNo price
=040  \\$aStDuBDS$beng$cUk
=042  \\$aukblsr
=082  04$a671.32$222
=100  1\$aLee, Youngseog,$d1962-
=245  10$aRod and bar rolling :$btheory and applications /$cYoungseog Lee.
=260  \\$aNew York :$bMarcel Dekker ;$aLondon :$bTaylor & Francis,$c2004.
=300  \\$aix, 465 p. :$bill. ;$c24 cm.
=336  \\$atext$2rdacontent
=337  \\$aunmediated$2rdamedia
=338  \\$avolume$2rdacarrier
=490  1\$aManufacturing engineering and materials processing ;$v64
=504  \\$aIncludes bibliographical references and index.
=500  \\$aFormerly CIP.$5Uk
=540  \\$aCurrent Copyright Fee: GBP45.00$c0$5Uk
=650  \0$aRolling (Metal-work)
=650  \0$aSteelwork.
=830  \0$aManufacturing engineering and materials processing ;$v64.
=852  11$aBritish Library$bSTI$k(B)$h671.32
=852  41$aBritish Library$bSTI$iv.64
=852  41$aBritish Library$bDSC$j5367.110000$iv.64
=CAT  \\$aBATCH$b00$c20040530$lBLL01$h1337
=CAT  \\$c20040530$lBLL01$h1339
=CAT  \\$c20040530$lBLL01$h1345
=CAT  \\$aCIPCORR$c20040613$lBLL01$h1856
=CAT  \\$a10746$b40$c20040914$lBLL01$h1640
=CAT  \\$aBATCH$b00$c20091217$lBLL01$h0318
=CAT  \\$aBATCH-UPD$b00$c20100804$lBLL01$h1041
=CAT  \\$aBATCH-CLA$b00$c20150724$lBLL01$h0112
=CAT  \\$aBATCH-CLA$b00$c20150928$lBLL01$h1739
=CAT  \\$aIPL-CLA$c20150930$lBLL01$h1802
=CAT  \\$aBATCH-CLA$b00$c20160325$lBLL01$h0924
=CAT  \\$aIPL-CLA$c20160331$lBLL01$h1723
=CAT  \\$aWR16_021$c20160610$lBLL01$h1940
=CAT  \\$aBATCH-CLA$b00$c20160611$lBLL01$h0141
=CAT  \\$aIPL-CLA$c20160630$lBLL01$h1605
=CAT  \\$aBATCH-CLA$b00$c20210328$lBLL01$h1323
=CAT  \\$aIPL-CLA$c20210331$lBLL01$h1841
=CAT  \\$aBATCH-CLA$b00$c20221206$lBLL01$h1749
=CAT  \\$aIPL-CLA$c20221231$lBLL01$h2054
=CAT  \\$aBATCH-CLA$b00$c20230302$lBLL01$h1756
=CFI  0\$aCurrent Copyright Fee: GBP45.00$c0$e09-feb-2023$fGBP45.00$g0$hC$5Uk
=FIN  \\$aY
=TCO  \\$aTRS$bCCC$c008
=ACF  \\$aBritish Library not licensed to copy$c0$e07-sep-2011$hC$iTX$5Uk
=ACF  \\$aPrevious Copyright Fee: GBP20.69$c0$e01-apr-2016$fGBP20.69$g0$hC$5Uk
=ACF  \\$aPrevious Copyright Fee: GBP25.00$c0$e01-jul-2016$fGBP25.00$g0$hC$5Uk
=LAS  \\$aBATCH-CLA$b00$c20230302$lBLL01$h1756

