=LDR  01897 am a2200529 a 4500
=001  012912876
=003  Uk
=005  20050630140655.0
=008  040726s2003\\\\onca\\\\\b\\\\001\0\eng\\
=FMT  \\$a  BK
=010  \\$a2004556345  
=015  \\$aGBA440754$2bnb
=016  7\$a012912876$2Uk
=020  \\$a1550092545 (cased) :$cNo price
=040  \\$aUk$beng$cUk$dUk
=042  \\$aukblsr
=050  00$aRF225$b.E94 2003
=082  04$a618.9209784$222
=245  00$aEvidence-based otitis media /$c[edited by] Richard M. Rosenfeld, Charles D. Bluestone.
=246  10$aOtitis media
=250  \\$a2nd ed.
=260  \\$aHamilton ;$aLondon :$bBC Decker,$c2003.
=300  \\$axii, 529 p. :$bill. ;$c28 cm. +$e1 CD-ROM (4 3/4 in.)
=336  \\$atext$2rdacontent
=337  \\$aunmediated$2rdamedia
=338  \\$avolume$2rdacarrier
=500  \\$a"Included on this CD-ROM are Conquering otitis media and the COGENT Win 95/98 demo"--CD-ROM label.
=538  \\$aSystem requirements for accompanying CD-ROM: Windows or Macintosh.
=504  \\$aIncludes bibliographical references and index.
=650  \0$aOtitis media.
=650  \0$aEvidence-based medicine.
=700  1\$aRosenfeld, Richard M.
=700  1\$aBluestone, Charles D.,$d1932-
=740  02$aConquering otitis media.
=852  11$aBritish Library$bSTI$k(TB) 618.9209784
=852  41$aBritish Library$bDSC$jVm04/50213
=852  11$aBritish Library$bSTI$k(B)$h618.9209784$3Accompanying CD-ROM at (TB) 618.9209784
=CAT  \\$a7332$b40$c20040510$lTMP01$h1056
=CAT  \\$a8031$b40$c20040511$lTMP01$h0741
=CAT  \\$aEXLIBRIS$c20040606$lBLL01$h1133
=CAT  \\$a7732$b40$c20050630$lBLL01$h1406
=CAT  \\$aBATCH$b00$c20091211$lBLL01$h0057
=CAT  \\$aBATCH$b00$c20100218$lBLL01$h1701
=CAT  \\$aWR16_021$c20160610$lBLL01$h1943
=FIN  \\$aY
=SRC  \\$aBLL02
=LAS  \\$aWR16_021$b00$c20160610$lBLL01$h1943

