=LDR  03307cam a2200889 a 4500
=001  012924753
=003  Uk
=005  20230725010722.0
=008  040524s2004\\\\enka\\\\\b\\\\001\0\eng\\
=FMT  \\$a  BK
=015  \\$aGBA432828$2bnb
=016  7\$a012924753$2Uk
=019  y\$abA3V4519
=019  9\$a0521551145
=019  y\$abA3V4437
=019  9\$a0521829259
=020  \\$a0521551145 (v. I) :$c£45.00
=020  \\$a0521829259 (v. II) :$c£40.00
=035  \\$a(UkOxU)0521551145
=039  0\$a2754
=040  \\$aUkOxU$dUk
=041  1\$aeng$hdut
=082  04$a515$222
=100  1\$aDuistermaat, J. J.$q(Johannes Jisse),$d1942-2010.
=245  10$aMultidimensional real analysis /$cJ.J. Duistermaat and J.A.C. Kolk ; translated from the Dutch by J.P. van Braam Houckgeest.
=260  \\$aCambridge :$bCambridge University Press,$c2004.
=300  \\$a2 v. :$bill. ;$c24 cm.
=336  \\$atext$2rdacontent
=337  \\$aunmediated$2rdamedia
=338  \\$avolume$2rdacarrier
=490  1\$aCambridge studies in advanced mathematics ;$v86-87
=504  \\$aIncludes bibliographical references and index.
=505  0\$aI. Differentiation -- II. Integration.
=540  \\$aCurrent Copyright Fee: GBP22.50$c0$5Uk
=650  \0$aMathematical analysis.
=650  \0$aFunctions of real variables.
=650  \0$aMathematical analysis$vProblems, exercises, etc.
=650  \0$aFunctions of real variables$vProblems, exercises, etc.
=700  1\$aKolk, Johan A. C.,$d1947-
=700  1\$aBraam Houckgeest, J. P. van.
=830  \0$aCambridge studies in advanced mathematics ;$v86-87.
=852  41$aBritish Library$bHMNTS$ivol. II
=852  41$aBritish Library$bHMNTS$ivol. I
=852  41$aBritish Library$bDSC$j3015.991500
=852  11$aBritish Library$bSTI$k(B)$h515
=CAT  \\$aBATCH$b00$c20040525$lTMP01$h1712
=CAT  \\$c20040525$lTMP01$h1713
=CAT  \\$aEXLIBRIS$c20040606$lBLL01$h1134
=CAT  \\$c20040612$lBLL01$h1951
=CAT  \\$a11317$b40$c20041018$lBLL01$h1341
=CAT  \\$aBATCH$b00$c20091211$lBLL01$h0058
=CAT  \\$aBATCH$b00$c20100103$lBLL01$h1152
=CAT  \\$aBATCH-UPD$b00$c20100103$lBLL01$h1258
=CAT  \\$aBATCH-UPD$b00$c20110819$lBLL01$h2028
=CAT  \\$aBATCH-UPD$b00$c20111202$lBLL01$h1911
=CAT  \\$aBATCH-CLA$b00$c20120928$lBLL01$h1833
=CAT  \\$aBATCH-CLA$b00$c20120930$lBLL01$h1039
=CAT  \\$aBATCH-CLA$b00$c20130508$lBLL01$h0724
=CAT  \\$aWR16_021$c20160610$lBLL01$h1944
=CAT  \\$aBATCH-CLA$b00$c20160611$lBLL01$h0141
=CAT  \\$aBATCH-CLA$b00$c20210328$lBLL01$h1313
=CAT  \\$aIPL-CLA$c20210331$lBLL01$h1841
=CAT  \\$aBATCH-CLA$b00$c20221206$lBLL01$h1716
=CAT  \\$aIPL-CLA$c20221231$lBLL01$h2055
=CAT  \\$aBATCH-CLA$b00$c20230302$lBLL01$h1756
=CAT  \\$aBATCH-UPD$b00$c20230724$lBLL01$h2041
=CAT  \\$aBATCH-CLA$b00$c20230725$lBLL01$h0107
=CFI  0\$aCurrent Copyright Fee: GBP22.50$c0$e09-feb-2023$fGBP22.50$g0$hC$5Uk
=FIN  \\$aY
=LDO  \\$aCIP
=LEO  \\$aMP5.0000166058
=LEO  \\$aMP5.0000169745
=SRC  \\$aLDS01$bbiblm.200404.2.aa
=SRC  \\$aBNB03$bbibmp5.200404.2.aa
=TCO  \\$aCLA$bCLA$c008
=ACF  \\$aPrevious Copyright Fee: GBP10.00$c0$e01-oct-2012$fGBP10.00$g0$hC$5Uk
=LAS  \\$aBATCH-CLA$b00$c20230725$lBLL01$h0107

