=LDR  04395cam a2200985 a 4500
=001  012995893
=003  Uk
=005  20211231171747.0
=008  040302s2004\\\\miua\\\\\b\\\\101\0\eng\\
=FMT  \\$a  BK
=010  \\$a2004103240
=015  \\$aGBA501926$2bnb
=020  \\$a0870311425 (pbk.)
=035  \\$a(DLC) 2004103240
=040  \\$aUk$beng$cUk
=042  \\$aukblsr
=082  04$a628.4458$222
=245  00$aRecycling concrete and other materials for sustainable development /$ceditors, Tony C. Liu, Christian Meyer.
=260  \\$aFarmington Hills, Mich.,$bAmerican Concrete Institute,$cc2004.
=300  \\$avi, 164 p. :$bill. ;$c23 cm.
=336  \\$atext$2rdacontent
=337  \\$aunmediated$2rdamedia
=338  \\$avolume$2rdacarrier
=490  1\$aSP ;$v219
=500  \\$aPapers presented at a two-part technical session at the 2003 ACI Spring Convention in Vancouver, Canada--Pref.
=504  \\$aIncludes bibliographical references and index.
=540  \\$aCurrent Copyright Fee: GBP2.76$c0$5Uk
=650  \0$aWaste products as building materials$vCongresses.
=650  \0$aConcrete$xRecycling$vCongresses.
=650  \0$aAggregates (Building materials)$xRecycling$vCongresses.
=650  \0$aConcrete construction$xEnvironmental aspects$vCongresses.
=650  \0$aConcrete construction$xTesting$vCongresses.
=700  1\$aLiu, Tony C.
=700  1\$aMeyer, Christian,$d1943-
=710  2\$aAmerican Concrete Institute.
=710  2\$aAmerican Concrete Institute.$bConvention$d(2003 :$cVancouver, B.C.)
=830  \0$aPublication SP ;$v219.
=852  71$aBritish Library$bSTI$iSP 219(2004)
=852  11$aBritish Library$bSTI$k(B)$h628.4458
=852  41$aBritish Library$bDSC$j0576.800000$ino.219
=CAT  \\$a6506$b40$c20040921$lBLL01$h1143
=CAT  \\$aIPL-CLA$c20140630$lBLL01$h1721
=CAT  \\$aBATCH-CLA$b00$c20141222$lBLL01$h1629
=CAT  \\$aIPL-CLA$c20141231$lBLL01$h1651
=CAT  \\$aBATCH-CLA$b00$c20150325$lBLL01$h1812
=CAT  \\$aIPL-CLA$c20150331$lBLL01$h1637
=CAT  \\$aBATCH-CLA$b00$c20150928$lBLL01$h1728
=CAT  \\$aIPL-CLA$c20150930$lBLL01$h1804
=CAT  \\$aBATCH-CLA$b00$c20160325$lBLL01$h0914
=CAT  \\$aIPL-CLA$c20160331$lBLL01$h1724
=CAT  \\$aBATCH-CLA$b00$c20160926$lBLL01$h1713
=CAT  \\$aIPL-CLA$c20160930$lBLL01$h1601
=CAT  \\$aBATCH-CLA$b00$c20170321$lBLL01$h1734
=CAT  \\$aIPL-CLA$c20170331$lBLL01$h1843
=CAT  \\$aBATCH-CLA$b00$c20170921$lBLL01$h1820
=CAT  \\$aIPL-CLA$c20170929$lBLL01$h1727
=CAT  \\$aBATCH-CLA$b00$c20171221$lBLL01$h1246
=CAT  \\$aIPL-CLA$c20171231$lBLL01$h1635
=CAT  \\$aBATCH-CLA$b00$c20180319$lBLL01$h1747
=CAT  \\$aIPL-CLA$c20180331$lBLL01$h1618
=CAT  \\$aBATCH-CLA$b00$c20180920$lBLL01$h1617
=CAT  \\$aIPL-CLA$c20180930$lBLL01$h1501
=CAT  \\$aBATCH-CLA$b00$c20181221$lBLL01$h1531
=CAT  \\$aIPL-CLA$c20181231$lBLL01$h1541
=CAT  \\$aBATCH-CLA$b00$c20211222$lBLL01$h1558
=CAT  \\$aIPL-CLA$c20211231$lBLL01$h1717
=CFI  0\$aCurrent Copyright Fee: GBP2.76$c0$e01-jan-2022$fGBP2.76$g0$hC$5Uk
=CFI  2\$aBritish Library not licensed to copy$c0$e01-jan-2019$hC$iCFP Excluded$5Uk
=FIN  \\$aY$d20050107
=SID  \\$aZ39$bLOC
=TCO  \\$aTRS$bCCC$c008
=ACF  \\$aPrevious Copyright Fee: GBP2.27$c0$e01-oct-2013$fGBP2.27$g0$hC$5Uk
=ACF  \\$aPrevious Copyright Fee: GBP2.36$c0$e01-jan-2014$fGBP2.36$g0$hC$5Uk
=ACF  \\$aPrevious Copyright Fee: GBP2.29$c0$e01-jul-2014$fGBP2.29$g0$hC$5Uk
=ACF  \\$aPrevious Copyright Fee: GBP1.82$c0$e01-jan-2015$fGBP1.82$g0$hC$5Uk
=ACF  \\$aPrevious Copyright Fee: GBP2.00$c0$e01-apr-2015$fGBP2.00$g0$hC$5Uk
=ACF  \\$aPrevious Copyright Fee: GBP1.94$c0$e01-oct-2015$fGBP1.94$g0$hC$5Uk
=ACF  \\$aPrevious Copyright Fee: GBP2.07$c0$e01-apr-2016$fGBP2.07$g0$hC$5Uk
=ACF  \\$aPrevious Copyright Fee: GBP2.22$c0$e01-oct-2016$fGBP2.22$g0$hC$5Uk
=ACF  \\$aPrevious Copyright Fee: GBP2.40$c0$e01-apr-2017$fGBP2.40$g0$hC$5Uk
=ACF  \\$aPrevious Copyright Fee: GBP2.28$c0$e01-oct-2017$fGBP2.28$g0$hC$5Uk
=ACF  \\$aPrevious Copyright Fee: GBP2.31$c0$e01-jan-2018$fGBP2.31$g0$hC$5Uk
=ACF  \\$aPrevious Copyright Fee: GBP2.14$c0$e01-apr-2018$fGBP2.14$g0$hC$5Uk
=ACF  \\$aPrevious Copyright Fee: GBP2.31$c0$e01-oct-2018$fGBP2.31$g0$hC$5Uk
=LAS  \\$aIPL-CLA$b00$c20211231$lBLL01$h1717

