=LDR  09219 am a2201873 u 4500
=001  013006439
=003  Uk
=005  20060518174002.0
=008  041005m19669999enkb\\\\\b\\\\000\0\eng\\
=FMT  \\$a  BK
=015  \\$aGBA482934$2bnb
=019  c\$a2202030
=020  \\$a0900592419 (v. 1) :$c£6.00
=020  \\$a0900592427 (v. 2) :$c£4.50
=020  \\$a0900592435 (v. 3) :$c£4.50
=020  \\$a0901878448 (v. 4) :$c£6.60
=020  \\$a0946789339 (v. 4, pt. 1 : pbk.) (2nd ed.) :$cNo price
=020  \\$a1903462835 (v. 4, pt. 2 : pbk.) :$c£16.50
=020  \\$a0900592451 (v. 5) :$c£6.00
=020  \\$a1903462568 (v. 5, pt. 1 : pbk.) :$c£7.50
=020  \\$a0901878561 (v. 6, pt. 1 : pbk) :$cNo price
=020  \\$a0946789606 (v. 6, pt. 2 : pbk.) (2nd ed.) :$cNo price
=020  \\$a0946789657 (v. 6, pt. 3 : pbk.) :$c£10.40
=020  \\$a185951006X (v. 6, pt. 4 : pbk.) :$c£16.40
=020  \\$a1859510078 (v. 6, pt. 5 : pbk.) :$c£8.20
=020  \\$a0901878626 (v. 7) :$cNo price
=020  \\$a190346224X (v. 7, pt. 1 : pbk.) :$c£13.50
=020  \\$a1903462312 (v. 7, pt. 2 : pbk.) :$c£11.50
=020  \\$a190346255X (v. 7, pt. 3 : pbk.) :$c£16.50
=020  \\$a0946789134 (v. 8, pt. 1 : pbk.) :$c£5.70
=020  \\$a0946789525 (v. 8, pt. 2 : pbk.) :$cNo price
=020  \\$a185951085X (v. 8, pt. 3 : pbk.) :$cNo price
=020  \\$a1859516033 (v. 8, pt. 4 : pbk.) :$cNo price
=020  \\$a185951605X (v. 8, pt. 5 : pbk.) :$c£15.00
=020  \\$a1903462339 (v. 8, pt. 6 : pbk.) :$cNo price
=020  \\$a1903462606 (v. 8, pt. 6 : pbk.) :$c£7.50
=020  \\$a0946789398 (v. 9, pt. 1 : pbk.) :$cNo price
=020  \\$a0946789371 (v. 9, pt. 2 : pbk.) :$cNo price
=020  \\$a0946789517 (v. 9, pt. 3 : pbk.) :$cNo price
=020  \\$a0946789592 (v. 9, pt. 4 : pbk.) :$cNo price
=020  \\$a1859510051 (v. 9, pt. 5 : pbk.) :$cNo price
=020  \\$a190346269X (v. 9, pt. 5 : pbk.) (2nd ed.) :$c£5.50
=020  \\$a1859516025 (v. 9, pt. 6 : pbk.) :$c£6.00
=020  \\$a1859510086 (v. 10, pt. 1 : pbk.) :$cNo price
=020  \\$a1859516009 (v. 10, pt. 2 : pbk.) :$cNo price
=020  \\$a1859516041 (v. 10, pt. 3 : pbk.) :$cNo price
=020  \\$a0901878421 (v. 11, pt. 1 : pbk) :$cNo price
=020  \\$a0901878669 (v. 11, pt. 1 : pbk.) (2nd ed.) :$cNo price
=020  \\$a1859510876 (v. 11, pt. 2 : pbk.) :$cNo price
=020  \\$a1859510868 (v. 11, pt. 3 : pbk.) :$cNo price
=020  \\$a0900592524 (v. 12) :$c£4.00
=020  \\$a1903462231 (v. 15, pt. 1 : pbk.) :$c£6.00
=035  \\$a(IeDuTC)d13032374
=039  0\$a2720
=040  \\$aUk$beng$cUk$dUk
=042  \\$aukblsr
=082  04$a929.342$222
=245  00$aNational index of parish registers :$ba guide to Anglican, Roman Catholic and Non-Conformist registers together with information on bishop's transcripts, modern copies and marriage licences.
=260  \\$aLondon :$bSociety of Genealogists,$c1966-
=300  \\$av. :$bmaps ;$c21 cm.
=336  \\$atext$2rdacontent
=337  \\$aunmediated$2rdamedia
=338  \\$avolume$2rdacarrier
=500  \\$aIncludes various editions of some vols.
=505  0\$av. 1 : Sources of births, marriages and deaths before 1837 -- v. 2 : Sources for Nonconformist genealogy and family history -- v. 3 : Sources for Roman Catholic and Jewish genealogy and family history -- v. 4 : South East England --v. 4, pt. 1 : Surrey -- v. 4, pt. 2 : Sussex -- v. 5 : South Midlands and Welsh border, comprising the counties of Gloucester, Herefordshire, Oxfordshire, Shropshire, Warwickshire and Worcestershire -- v. 5, pt. 1 : Shropshire -- v. 6, pt. 1 : Staffordshire -- v. 6, pt. 2 : Nottinghamshire -- v. 6, pt. 3 : Leicestershire and Rutland -- v. 6, pt. 4 : Lincolnshire -- v. 6, pt 5. : Derbyshire -- v. 7 : East Anglia -- v. 7, pt. 1 : Suffolk -- v. 7, pt. 2 : Cambridgeshire -- v. 7, pt. 3 : Norfolk -- v. 8, pt. 1 : Berkshire -- v. 8, pt. 2 : Wiltshire -- v. 8, pt. 3 : Somerset -- v. 8, pt. 4 : Cornwall -- v. 8, pt. 5 : Devon -- v. 8, pt. 6 : Hampshire and the Isle of Wight -- v. 8, pt. 6 : Dorset -- v. 9, pt. 1 : Bedfordshire and Huntingdonshire -- v. 9, pt. 2 : Northamptonshire -- v. 9, pt. 3 : Buckinghamshire -- v. 9, pt. 4 : Essex -- v. 9 pt. 5 : London and Middlesex -- v. 9, pt. 6 Hertfordshire -- v. 10, pt. 1 : Cheshire -- v. 10, pt. 2 : Lancashire -- v. 10, pt. 3 : Cumberland & Westmorland -- v. 11, pt. 1 : Durham and Northumberland -- v. 11, pt. 2 : Yorkshire (North and East Ridings and York) -- v. 11, pt. 3 : Yorkshire (West Riding) -- v. 12 : Sources for Scottish genealogy and family history -- v. 15, pt. 1 : The Channel Islands and the Isle of Man.
=504  \\$aIncludes bibliographical references and index.
=650  \0$aChurch records and registers$zEngland.
=710  2\$aSociety of Genealogists (Great Britain)
=852  11$aBritish Library$bHMNTS$cSPHOA$kHLR$h929.341$ivol. 8, pt. 3
=852  41$aBritish Library$bDSC$j85/12805$ivol. 1
=852  11$aBritish Library$bHMNTS$cSPHOA$kHLR$h929.341$ivol. 4, part 2
=852  11$aBritish Library$bHMNTS$cSPHOA$kHLR$h929.341$ivol. 5, part 1
=852  11$aBritish Library$bHMNTS$cSPHOA$kHLR$h929.341$ivol. 6, part 3
=852  11$aBritish Library$bHMNTS$cSPHOA$kHLR$h929.341$ivol. 6, part 4
=852  11$aBritish Library$bHMNTS$cSPHOA$kHLR$h929.341$ivol. 6, part 5
=852  11$aBritish Library$bHMNTS$cSPHOA$kHLR$h929.341$ivol. 7, part 1
=852  11$aBritish Library$bHMNTS$cSPHOA$kHLR$h929.341$ivol. 7, part 2
=852  11$aBritish Library$bHMNTS$cSPHOA$kHLR$h929.341$ivol. 7, part 3
=852  41$aBritish Library$bHMNTS$ivol. 8, part 3
=852  11$aBritish Library$bHMNTS$cSPHOA$kHLR$h929.341$ivol. 8, part 5
=852  11$aBritish Library$bHMNTS$cSPHOA$kHLR$h929.341$ivol. 8, part 6
=852  11$aBritish Library$bHMNTS$cSPHOA$kHLR$h929.341$ivol. 9, part 5
=852  11$aBritish Library$bHMNTS$cSPHOA$kHLR$h929.341$ivol. 9, part 6
=852  11$aBritish Library$bHMNTS$cSPHOA$kHLR$h929.341$ivol. 15, part 1
=852  41$aBritish Library$bDSC$j85/05261$ivol. 4
=852  41$aBritish Library$bDSC$j85/35943$ivol. 6, part 1
=852  41$aBritish Library$bDSC$j84/30690$ivol. 7
=852  11$aBritish Library$bHMNTS$cSPHOA$kHLR$h929.341$ivol. 6, part 2
=852  11$aBritish Library$bHMNTS$cSPHOA$kMSS$h929.3$ivol. 5
=852  11$aBritish Library$bHMNTS$cSPHOA$kMSS$h929.3$ivol. 3
=852  11$aBritish Library$bHMNTS$cSPHOA$kMSS$h929.3$ivol. 2
=852  11$aBritish Library$bHMNTS$cSPHOA$kMSS$h929.3$ivol. 1 (1)
=852  11$aBritish Library$bHMNTS$cSPHOA$kMSS$h929.3$ivol. 4
=852  41$aBritish Library$bHMNTS$jX.0809/139
=852  11$aBritish Library$bHMNTS$cSPHOA$kHLR$h929.341$ivol. 1
=852  41$aBritish Library$bHMNTS$jX.0809/139(1a)$ivol. 1
=852  41$aBritish Library$bOC$jV 21149$ivol. 1
=852  41$aBritish Library$bDSC$j85/38697$ivol. 6, part 1
=957  \\$a680916
=957  \\$a761005
=957  \\$a940921
=957  \\$a970330p
=CAT  \\$a5703$b40$c20041005$lBLL01$h1533
=CAT  \\$a10746$b40$c20041122$lBLL01$h1630
=CAT  \\$a10746$b40$c20041201$lBLL01$h1420
=CAT  \\$a9665$b40$c20041203$lBLL01$h1319
=CAT  \\$a9665$b40$c20050825$lBLL01$h0911
=CAT  \\$a9665$b40$c20050825$lBLL01$h1408
=CAT  \\$a9665$b40$c20050825$lBLL01$h1418
=CAT  \\$aglobal_upd$b40$c20060417$lBLL01$h1527
=CAT  \\$a3900$b40$c20060518$lBLL01$h1740
=CAT  \\$aBATCH-UPD$b40$c20061023$lBLL01$h1055
=CAT  \\$aBATCH-CLA$b00$c20121109$lBLL01$h1730
=CFI  2\$aCurrent copyright fee: GBP4.40$c0$e01-jul-1998$fGBP4.40$g0$hA$5Uk
=FIN  \\$aY
=LEO  \\$aMP10.0000391356
=LEO  \\$aMP1.0003724441
=LEO  \\$aMP5.0000016968
=LEO  \\$aMP5.0000420308
=LEO  \\$aMP5.0001843686
=LEO  \\$aMP37.0000009819
=LEO  \\$aMP2.0000276752
=LEO  \\$aMP5.0001843685
=LEO  \\$aMP2.0000294265
=LEO  \\$aMP3.0000166407
=LEO  \\$aMP37.0000008202
=LEO  \\$aMP3.0000166405
=LEO  \\$aMP3.0000166406
=LEO  \\$aMP37.0000004451
=LEO  \\$aMP5.0000720900
=LEO  \\$aMP5.0000720901
=LEO  \\$aMP8.0000189320
=LEO  \\$aMP13.0002166639
=LEO  \\$aMP5.0000723748
=LEO  \\$aMP37.0000013140
=LEO  \\$aMP5.0000723750
=LEO  \\$aMP8.0000039755
=LEO  \\$aMP5.0000723757
=LEO  \\$aMP34.0000530687
=LEO  \\$aMP8.0000039756
=LEO  \\$aMP8.0000121771
=LEO  \\$aMP5.0001303523
=LEO  \\$aMP37.0000006824
=LEO  \\$aMP13.0002231868
=SRC  \\$aDSS04$bbibld.200404.2.aa
=SRC  \\$aDSS01$bbibmp10.200404.2.aa
=SRC  \\$aBLS01$bbibmp1.200404.2.ae
=SRC  \\$aBNB03$bbibmp5.200404.2.ac
=SRC  \\$aDSC01$bbibmp8.200404.2.aa
=SRC  \\$aBNB03$bbibmp5.200404.2.ab
=SRC  \\$aBNB01$bbibmp2.200404.2.aa
=SRC  \\$aSPH01$bbibmp37h.200404.2.aa
=SRC  \\$aBNB02$bbibmp3.200404.2.aa
=SRC  \\$aBNB03$bbibmp5.200404.2.aa
=SRC  \\$aBNB03$bbibmp5.200404.2.ad
=SRC  \\$aUCB01$bbibmp34.200404.2.aa
=SRC  \\$aHSS01$bbibmp13.200404.2.ad
=ACF  \\$aCurrent copyright fee: GBP4.20$c0$e11-mar-1998$fGBP4.20$g0$hA$5Uk
=LAS  \\$aBATCH-CLA$b00$c20121109$lBLL01$h1730

