=LDR  05468cas a2201057 a 4500
=001  013091121
=003  Uk
=005  20230210010316.0
=008  050125d20042007enkqr\p\\\s\\\0\\\a0eng\\
=FMT  \\$a  SE
=015  \\$aGBA515009$2bnb
=022  0\$a1746-4765$y1479-9669$202
=040  \\$aUk$beng$cUk$dUk
=042  \\$aissnuk$aukblsr
=082  04$a338.6420941$222
=222  \0$aNatWest/SERTeam quarterly survey of small business in Britain
=245  00$aNatWest/SERTeam quarterly survey of small business in Britain.
=246  3\$aNatWest/Small Enterprise Research Team quarterly survey of small business in Britain
=260  \\$aMilton Keynes (Michael Young Building, Walton Hall, Milton Keynes MK7 6AA) :$bOpen University Business School, Small Enterprise Research Team,$c2004-2007.
=300  \\$a12 v. :$bill., maps ;$c30 cm.
=336  \\$atext$2rdacontent
=337  \\$aunmediated$2rdamedia
=338  \\$avolume$2rdacarrier
=362  0\$aVol. 20, no. 2 (2004/Q2)-v. 23, no. 1 (2007/Q1).
=540  \\$aCurrent Copyright Fee: GBP25.00$c0$5Uk
=650  \0$aSmall business$zGreat Britain$vPeriodicals.
=650  \0$aSmall business$zGreat Britain$vStatistics$vPeriodicals.
=690  7\$aManagement and Business Studies$2blcoll
=710  2\$aOpen University.$bSmall Enterprise Research Team.
=710  2\$aNatWest Group.
=776  0\$tNatWest/SERTeam quarterly survey of small business in Britain (Online)$x2046-7982
=780  00$tNatWest quarterly survey of small business in Britain$x1745-3119
=785  00$tQuarterly survey of small business in Britain (2007)$x1756-5618
=852  11$aBritish Library$bSTI$cBIPC$k(P)$h338.6420941$m-E(1)$mBusiness$3Vol. 20, no.2 (2004)-vol. 23, no.1 (2007)***Last 4 years
=852  41$aBritish Library$bHMNTS$kZC.9.b.2462$3Earlier issues
=852  41$aBritish Library$bDSC$j6054.564500$3Vol. 20, no. 2 (2004)-v. 23, no. 1 (2007)***UKRR Retained Title
=945  \\$aNatWest SERTeam quarterly survey of small business in Britain
=959  \\$fHeld but not currently received
=CAT  \\$a11316$b40$c20050125$lBLL01$h1126
=CAT  \\$aIPL-CLA$c20110630$lBLL01$h1544
=CAT  \\$aBATCH-CLA$b00$c20110831$lBLL01$h1812
=CAT  \\$aIPL-CLA$c20110930$lBLL01$h1549
=CAT  \\$aBATCH-CLA$b00$c20111130$lBLL01$h1222
=CAT  \\$aIPL-CLA$c20111230$lBLL01$h2020
=CAT  \\$aBATCH-CLA$b00$c20120229$lBLL01$h1632
=CAT  \\$aIPL-CLA$c20120330$lBLL01$h1436
=CAT  \\$aBATCH-CLA$b00$c20120531$lBLL01$h1726
=CAT  \\$aIPL-CLA$c20120629$lBLL01$h1034
=CAT  \\$aBATCH-CLA$b00$c20120831$lBLL01$h1555
=CAT  \\$aIPL-CLA$c20120930$lBLL01$h2121
=CAT  \\$aBATCH-CLA$b00$c20121109$lBLL01$h1729
=CAT  \\$aBATCH-CLA$b00$c20131129$lBLL01$h1705
=CAT  \\$aIPL-CLA$c20131231$lBLL01$h2346
=CAT  \\$aWR14_140$c20140905$lBLL01$h1807
=CAT  \\$aBATCH-CLA$b00$c20161130$lBLL01$h1649
=CAT  \\$aIPL-CLA$c20161230$lBLL01$h2135
=CAT  \\$aBATCH-CLA$b00$c20171130$lBLL01$h1717
=CAT  \\$aIPL-CLA$c20171231$lBLL01$h1639
=CAT  \\$aBATCH-CLA$b00$c20191129$lBLL01$h1631
=CAT  \\$aIPL-CLA$c20191231$lBLL01$h1931
=CAT  \\$aBATCH-CLA$b00$c20201126$lBLL01$h1422
=CAT  \\$aIPL-CLA$c20201231$lBLL01$h2157
=CAT  \\$aBATCH-CLA$b00$c20221130$lBLL01$h1501
=CAT  \\$aIPL-CLA$c20221231$lBLL01$h2104
=CAT  \\$aBATCH-CLA$b00$c20230209$lBLL01$h1548
=CAT  \\$aIPL-CLA$c20230210$lBLL01$h0103
=CFI  0\$aCurrent Copyright Fee: GBP25.00$c0$e09-feb-2023$fGBP25.00$g0$hC$5Uk
=CFI  2\$aBritish Library not licensed to copy$c0$e01-jan-2023$hC$iCFP Excluded$5Uk
=FIN  \\$aY$d20050218
=LKR  \\$aPAR$b012418052$lBLL01$r78000$mNatWest/SERTeam quarterly survey of small business in Britain$nNatwest quarterly survey of small business in Britain
=TCO  \\$aCLA$bCLA$c008
=ACF  \\$aPrevious Copyright Fee: GBP12.00$c0$e01-apr-2012$fGBP12.00$g0$hC$5Uk
=ACF  \\$aPrevious Copyright Fee: GBP12.00$c0$e01-jan-2012$fGBP12.00$g0$hC$5Uk
=ACF  \\$aPrevious Copyright Fee: GBP10.50$c0$e01-oct-2011$fGBP10.50$g0$hC$5Uk
=ACF  \\$aPrevious Copyright Fee: GBP10.50$c0$e01-jul-2011$fGBP10.50$g0$hC$5Uk
=ACF  \\$aPrevious Copyright Fee: GBP10.50$c0$e01-apr-2011$fGBP10.50$g0$hC$5Uk
=ACF  \\$aPrevious Copyright Fee: GBP10.50$c0$e01-jan-2011$fGBP10.50$g0$hC$5Uk
=ACF  \\$aPrevious Copyright Fee: GBP9.00$c0$e01-oct-2010$fGBP9.00$g0$hC$5Uk
=ACF  \\$aPrevious Copyright Fee: GBP9.00$c0$e01-jul-2010$fGBP9.00$g0$hC$5Uk
=ACF  \\$aPrevious Copyright Fee: GBP9.00$c0$e01-apr-2010$fGBP9.00$g0$hC$5Uk
=ACF  \\$aPrevious Copyright Fee: GBP9.00$c0$e01-Jan-2010$fGBP9.00$g0$hC$5Uk
=ACF  \\$aPrevious copyright fee: GBP6.00$c0$e01-apr-2008$fGBP6.00$g0$hA$5Uk
=ACF  \\$aPrevious copyright fee: GBP5.00$c0$e09-oct-2003$fGBP5.00$g0$hA$5Uk
=ACF  \\$aPrevious Copyright Fee: GBP12.00$c0$e01-jul-2012$fGBP12.00$g0$hC$5Uk
=ACF  \\$aPrevious Copyright Fee: GBP12.00$c0$e01-oct-2012$fGBP12.00$g0$hC$5Uk
=ACF  \\$aPrevious Copyright Fee: GBP12.30$c0$e01-jan-2014$fGBP12.30$g0$hC$5Uk
=ACF  \\$aPrevious Copyright Fee: GBP15.00$c0$e01-jan-2017$fGBP15.00$g0$hC$5Uk
=ACF  \\$aPrevious Copyright Fee: GBP17.50$c0$e01-jan-2018$fGBP17.50$g0$hC$5Uk
=ACF  \\$aPrevious Copyright Fee: GBP20.00$c0$e01-jan-2020$fGBP20.00$g0$hC$5Uk
=ACF  \\$aPrevious Copyright Fee: GBP22.50$c0$e01-jan-2021$fGBP22.50$g0$hC$5Uk
=LAS  \\$aIPL-CLA$b00$c20230210$lBLL01$h0103

