=LDR  05526cas a2201141 a 4500
=001  013121734
=003  Uk
=005  20230210010322.0
=008  050225c20059999enkmr\p\\\\\\\0\\\a0eng\\
=FMT  \\$a  SE
=022  0\$a1746-6849$202
=040  \\$aUk$beng$cUk
=042  \\$aissnuk$aukblsr
=046  \\$at
=082  04$a658.81$222
=210  0\$aWin. edge
=222  \0$aWinning edge
=245  00$aWinning edge :$bthe magazine for professional sales & marketing personnel.
=260  \\$aLower Woodside (Harrier Court, Woodside Rd, Lower Woodside, Luton LU1 4DQ) :$bISMM,$c2005-
=264  31$aLondon :$bInstitute of Sales Management
=300  \\$av. :$bill., ports. (some col.) ;$c30 cm.
=310  \\$aMonthly
=336  \\$atext$2rdacontent
=337  \\$aunmediated$2rdamedia
=338  \\$avolume$2rdacarrier
=362  0\$aFeb. 2005-
=540  \\$aCurrent Copyright Fee: GBP25.00$c0$5Uk
=610  20$aInstitute of Sales & Marketing Management (Great Britain)$vPeriodicals.
=610  20$aInstitute of Sales Management (Great Britain)$vPeriodicals.
=650  \0$aSales management$vPeriodicals.
=650  \0$aMarketing$xManagement$vPeriodicals.
=690  7\$aManagement and Business Studies$2blcoll
=710  2\$aInstitute of Sales & Marketing Management (Great Britain)
=710  2\$aInstitute of Sales Management (Great Britain)
=780  00$tSales & marketing professional$x1470-3009
=852  41$aBritish Library$bSTI$cRES$3Earlier issues
=852  41$aBritish Library$bDSC$j9319.418125$3February (2005)-December/January(2005/2006)
=852  41$aBritish Library$bHMNTS$jZK.9.b.22460$3February (2005)-Issue 3(2019)
=852  11$aBritish Library$bSTI$cBIPC$k(P)$h658.81$m-E(1) Business$3February (2005)-no. 3 (2019)***Last 4 years
=945  \\$aWinning edge
=959  \\$fHeld but not currently received
=CAT  \\$a9570$b40$c20050225$lBLL01$h1501
=CAT  \\$aIPL-CLA$c20110630$lBLL01$h1544
=CAT  \\$aBATCH-CLA$b00$c20110831$lBLL01$h1753
=CAT  \\$aIPL-CLA$c20110930$lBLL01$h1549
=CAT  \\$aBATCH-CLA$b00$c20111130$lBLL01$h1209
=CAT  \\$aIPL-CLA$c20111230$lBLL01$h2020
=CAT  \\$aBATCH-CLA$b00$c20120229$lBLL01$h1620
=CAT  \\$aIPL-CLA$c20120330$lBLL01$h1436
=CAT  \\$aBATCH-CLA$b00$c20120531$lBLL01$h1713
=CAT  \\$aIPL-CLA$c20120629$lBLL01$h1034
=CAT  \\$aBATCH-CLA$b00$c20120831$lBLL01$h1532
=CAT  \\$aIPL-CLA$c20120930$lBLL01$h2121
=CAT  \\$aBATCH-CLA$b00$c20121109$lBLL01$h1729
=CAT  \\$aBATCH-CLA$b00$c20150227$lBLL01$h1629
=CAT  \\$aIPL-CLA$c20150331$lBLL01$h1639
=CAT  \\$aBATCH-CLA$b00$c20161130$lBLL01$h1635
=CAT  \\$aIPL-CLA$c20161230$lBLL01$h2136
=CAT  \\$aBATCH-CLA$b00$c20171130$lBLL01$h1651
=CAT  \\$aIPL-CLA$c20171231$lBLL01$h1640
=CAT  \\$aBATCH-CLA$b00$c20191129$lBLL01$h1626
=CAT  \\$aIPL-CLA$c20191231$lBLL01$h1932
=CAT  \\$a5110$b40$c20200204$lBLL01$h1511
=CAT  \\$aBATCH-CLA$b00$c20201126$lBLL01$h1413
=CAT  \\$aIPL-CLA$c20201231$lBLL01$h2158
=CAT  \\$aBATCH-CLA$b00$c20221130$lBLL01$h1429
=CAT  \\$aIPL-CLA$c20221231$lBLL01$h2106
=CAT  \\$aBATCH-CLA$b00$c20230209$lBLL01$h1516
=CAT  \\$aIPL-CLA$c20230210$lBLL01$h0103
=CFI  0\$aCurrent Copyright Fee: GBP25.00$c0$e09-feb-2023$fGBP25.00$g0$hC$5Uk
=CFI  2\$aBritish Library not licensed to copy$c0$e01-jan-2023$hC$iCFP Excluded$5Uk
=FIN  \\$aY$d20050317
=LKR  \\$aPAR$b009864725$lBLL01$r78000$mWinning edge$nSales & marketing professional
=TCO  \\$aCLA$bCLA$c008
=ACF  \\$aPrevious Copyright Fee: GBP12.00$c0$e01-apr-2012$fGBP12.00$g0$hC$5Uk
=ACF  \\$aPrevious Copyright Fee: GBP12.00$c0$e01-jan-2012$fGBP12.00$g0$hC$5Uk
=ACF  \\$aPrevious Copyright Fee: GBP10.50$c0$e01-oct-2011$fGBP10.50$g0$hC$5Uk
=ACF  \\$aPrevious Copyright Fee: GBP10.50$c0$e01-jul-2011$fGBP10.50$g0$hC$5Uk
=ACF  \\$aPrevious Copyright Fee: GBP10.50$c0$e01-apr-2011$fGBP10.50$g0$hC$5Uk
=ACF  \\$aPrevious Copyright Fee: GBP10.50$c0$e01-jan-2011$fGBP10.50$g0$hC$5Uk
=ACF  \\$aPrevious Copyright Fee: GBP9.00$c0$e01-oct-2010$fGBP9.00$g0$hC$5Uk
=ACF  \\$aPrevious Copyright Fee: GBP9.00$c0$e01-jul-2010$fGBP9.00$g0$hC$5Uk
=ACF  \\$aPrevious Copyright Fee: GBP9.00$c0$e01-apr-2010$fGBP9.00$g0$hC$5Uk
=ACF  \\$aPrevious Copyright Fee: GBP9.00$c0$e01-Jan-2010$fGBP9.00$g0$hC$5Uk
=ACF  \\$aPrevious Copyright Fee: GBP6.00$c0$e01-oct-2009$fGBP6.00$g0$hC$5Uk
=ACF  \\$aPrevious Copyright Fee: GBP6.00$c0$e01-jul-2009$fGBP6.00$g0$hC$5Uk
=ACF  \\$aPrevious Copyright Fee: GBP6.00$c0$e01-apr-2009$fGBP6.00$g0$hC$5Uk
=ACF  \\$aPrevious Copyright Fee: GBP6.00$c0$e01-jan-2009$fGBP6.00$g0$hC$5Uk
=ACF  \\$aPrevious copyright fee: GBP6.00$c0$e01-apr-2008$fGBP6.00$g0$hA$5Uk
=ACF  \\$aPrevious copyright fee: GBP5.00$c0$e22-mar-2005$fGBP5.00$g0$hA$5Uk
=ACF  \\$aPrevious Copyright Fee: GBP12.00$c0$e01-jul-2012$fGBP12.00$g0$hC$5Uk
=ACF  \\$aPrevious Copyright Fee: GBP12.00$c0$e01-oct-2012$fGBP12.00$g0$hC$5Uk
=ACF  \\$aPrevious Copyright Fee: GBP12.30$c0$e01-apr-2015$fGBP12.30$g0$hC$5Uk
=ACF  \\$aPrevious Copyright Fee: GBP15.00$c0$e01-jan-2017$fGBP15.00$g0$hC$5Uk
=ACF  \\$aPrevious Copyright Fee: GBP17.50$c0$e01-jan-2018$fGBP17.50$g0$hC$5Uk
=ACF  \\$aPrevious Copyright Fee: GBP20.00$c0$e01-jan-2020$fGBP20.00$g0$hC$5Uk
=ACF  \\$aPrevious Copyright Fee: GBP22.50$c0$e01-jan-2021$fGBP22.50$g0$hC$5Uk
=LAS  \\$aIPL-CLA$b00$c20230210$lBLL01$h0103

