=LDR  04604cas a2201069 a 4500
=001  013179365
=003  Uk
=005  20230210010328.0
=007  ta
=008  050419d20052007enkqr\p\\\\\\\0\\\a0eng\\
=FMT  \\$a  SE
=015  \\$aGBA570536$2bnb
=022  0\$a1747-1583$202
=040  \\$aUk$beng$cUk$dUk
=042  \\$aukblsr$aissnuk
=082  04$a338.476151$222
=222  \0$aBioPartnering today
=245  00$aBioPartnering today.
=246  1\$iTitle of short duration :$aScrip's BioPartnering magazine$fspring 2007
=246  17$aBioPartnering magazine$fspring 2007
=260  \\$aLondon :$bT&F Informa UK,$c2005-2007.
=260  3\$32006-$aLondon :$bInforma Healthcare
=300  \\$av. :$bill. (some col.) ;$c30 cm.
=310  \\$aQuarterly
=336  \\$atext$2rdacontent
=337  \\$aunmediated$2rdamedia
=338  \\$avolume$2rdacarrier
=362  0\$aSpring 2005-
=362  1\$aCeased with Spring 2007 issue?
=500  \\$aPublished in association with Scrip.
=550  \\$a"In association with: BTG, Quintiles" - cover.
=595  \\$aComes with 09870631.
=500  \\$aLatest issue consulted: Spring 2007.
=540  \\$aCurrent Copyright Fee: GBP45.00$c0$5Uk
=650  \0$aPharmaceutical industry$vPeriodicals.
=690  7\$aManagement and Business Studies$2blcoll
=710  2\$aBTG plc.
=710  2\$aQuintiles (Firm)
=785  00$tScrip's bio-pharma partnering
=787  0\$tScrip (Richmond, England)$x0143-7690
=787  0\$tScrip magazine$x1353-6303
=852  41$aBritish Library$bSTI$cRES$3Earlier issues
=852  11$aBritish Library$bSTI$k(P)$h338.476151$m-E(1) Business$3Spring (2005) - Winter 2007/2008***Last 4 years
=852  41$aBritish Library$bDSC$j2089.353340$3Spring (2005)-Spring (2007)
=945  \\$aBiopartnering today
=959  \\$fHeld but not currently received
=CAT  \\$a7152$b40$c20050419$lBLL01$h1632
=CAT  \\$aBATCH-CLA$b00$c20080829$lBLL01$h1837
=CAT  \\$aBATCH-UPD$b00$c20080930$lBLL01$h2253
=CAT  \\$aBATCH-UPD$b00$c20081001$lBLL01$h0011
=CAT  \\$aBATCH$b00$c20081001$lBLL01$h0127
=CAT  \\$aBATCH$b00$c20090611$lBLL01$h1718
=CAT  \\$aBATCH-UPD$b00$c20101201$lBLL01$h1250
=CAT  \\$aIPL-CLA$c20101231$lBLL01$h1515
=CAT  \\$aWR11_203$c20111204$lBLL01$h1509
=CAT  \\$aIPL-CLA$c20111230$lBLL01$h2021
=CAT  \\$aBATCH-CLA$b00$c20121109$lBLL01$h1729
=CAT  \\$aBATCH-CLA$c20131220$lBLL01$h2032
=CAT  \\$aIPL-CLA$c20131231$lBLL01$h2349
=CAT  \\$aBATCH-CLA$b00$c20161222$lBLL01$h1806
=CAT  \\$aIPL-CLA$c20161230$lBLL01$h2139
=CAT  \\$aBATCH-CLA$b00$c20171222$lBLL01$h2127
=CAT  \\$aIPL-CLA$c20171231$lBLL01$h1642
=CAT  \\$aBATCH-CLA$b00$c20191219$lBLL01$h1733
=CAT  \\$aIPL-CLA$c20191231$lBLL01$h1932
=CAT  \\$aR2001-1524$c20200127$lBLL01$h2010
=CAT  \\$aBATCH-CLA$b00$c20201204$lBLL01$h1534
=CAT  \\$aIPL-CLA$c20201231$lBLL01$h2159
=CAT  \\$aBATCH-CLA$b00$c20220903$lBLL01$h0718
=CAT  \\$aIPL-CLA$c20220930$lBLL01$h1556
=CAT  \\$aBATCH-CLA$b00$c20221130$lBLL01$h1429
=CAT  \\$aIPL-CLA$c20221231$lBLL01$h2108
=CAT  \\$aBATCH-CLA$b00$c20230209$lBLL01$h1517
=CAT  \\$aIPL-CLA$c20230210$lBLL01$h0103
=CFI  0\$aCurrent Copyright Fee: GBP45.00$c0$e09-feb-2023$fGBP45.00$g0$hC$5Uk
=CFI  2\$aBritish Library not licensed to copy$c0$e01-jan-2023$hC$iCFP Excluded$5Uk
=FIN  \\$aY$d20050823
=LKR  \\$aPAR$b008903331$lBLL01$r787$mBioPartnering today$nScrip magazine
=LKR  \\$aPAR$b014501448$lBLL01$r787$mBioPartnering today$nScrip (Richmond, England)
=TCO  \\$aCLA$bCLA$c008
=ACF  \\$aPrevious Copyright Fee: GBP43.00$c0$e01-oct-2008$fGBP43.00$g0$hC$5Uk
=ACF  \\$aPrevious copyright fee: GBP6.00$c0$e01-apr-2008$fGBP6.00$g0$hA$5Uk
=ACF  \\$aPrevious Copyright Fee: GBP5.00$c0$e16-mar-2006$fGBP5.00$g0$hA$5Uk
=ACF  \\$aPrevious copyright fee: GBP10.50$c0$e01-jan-2011$fGBP10.50$g0$hA$5Uk
=ACF  \\$aPrevious copyright fee: GBP12.00$c0$e01-jan-2012$fGBP12.00$g0$hA$5Uk
=ACF  \\$aPrevious Copyright Fee: GBP12.30$c0$e01-jan-2014$fGBP12.30$g0$hA$5Uk
=ACF  \\$aPrevious Copyright Fee: GBP15.00$c0$e01-jan-2017$fGBP15.00$g0$hA$5Uk
=ACF  \\$aPrevious Copyright Fee: GBP17.50$c0$e01-jan-2018$fGBP17.50$g0$hA$5Uk
=ACF  \\$aPrevious Copyright Fee: GBP20.00$c0$e01-jan-2020$fGBP20.00$g0$hA$5Uk
=ACF  \\$aPrevious Copyright Fee: GBP22.50$c0$e01-jan-2021$fGBP22.50$g0$hA$5Uk
=ACF  \\$aPrevious Copyright Fee: GBP45.00$c0$e01-oct-2022$fGBP45.00$g0$hC$5Uk
=LAS  \\$aIPL-CLA$b00$c20230210$lBLL01$h0103

