=LDR  01711pam a2200481 a 4500
=001  013239735
=003  Uk
=005  20090123151837.0
=008  050616s2005\\\\enka\\\f\b\\\\001\0\eng\\
=FMT  \\$a  BK
=015  \\$aGBA554164$2bnb
=016  7\$a013239735$2Uk
=020  \\$a9780198163602 :$c£125.00
=020  \\$a0198163606 :$c£125.00
=040  \\$aStDuBDS$beng$cStDuBDS$dUk
=042  \\$aukblsr
=082  04$a780.216$222
=100  1\$aSawkins, Lionel.
=245  12$aA thematic catalogue of the works of Michel-Richard de Lalande (1657-1726) /$cLionel Sawkins ; with the assistance of John Nightingale.
=260  \\$aOxford :$bOxford University Press,$c2005.
=300  \\$axlvii, 700 p. :$bill. ;$c29 cm.
=336  \\$atext$2rdacontent
=337  \\$aunmediated$2rdamedia
=338  \\$avolume$2rdacarrier
=504  \\$aIncludes bibliographical references and index.
=500  \\$aFormerly CIP.$5Uk
=600  10$aLalande, Michel Richard de,$d1657-1726$vThematic catalogs.
=700  1\$aNightingale, John.
=852  41$aBritish Library$bMUSIC$cREF$kM.R.Ref.$h789$mLAL
=852  41$aBritish Library$bHMNTS$jYC.2009.b.103
=852  41$aBritish Library$bDSC$jm06/.11688
=852  41$aBritish Library$bHMNTS$cSPHOA$kMUS$h789$mLAL
=CAT  \\$aBATCH$b00$c20050628$lBLL01$h1700
=CAT  \\$c20050628$lBLL01$h1704
=CAT  \\$c20050628$lBLL01$h1726
=CAT  \\$c20050919$lBLL01$h1355
=CAT  \\$c20050919$lBLL01$h1357
=CAT  \\$a6605$b40$c20060117$lBLL01$h1043
=CAT  \\$aBATCH-UPD$b40$c20071006$lBLL01$h1755
=CAT  \\$a11014$b40$c20090123$lBLL01$h1518
=CAT  \\$aWR16_021$c20160611$lBLL01$h2006
=FIN  \\$aY$d20060117
=LAS  \\$aWR16_021$b00$c20160611$lBLL01$h2006

