=LDR  03460cam a2200769 a 4500
=001  013290908
=003  Uk
=005  20221231211317.0
=008  041105m20039999enkab\\\\b\\\\000\0\eng\\
=FMT  \\$a  BK
=015  \\$aGBA576689$2bnb
=016  7\$a013290908$2Uk
=020  \\$a1840573317 (v. 4A : spiral) :$c£50.00
=020  \\$a1840573651 (v. 4B : spiral) :$c£50.00
=020  \\$a1840573465 (v. 4C : spiral) :$c£50.00
=040  \\$aUk$beng$cUk
=042  \\$aukblsr
=082  04$a628.210941$222
=245  00$aClimate change and the hydraulic design of sewerage systems.$nVolume IV,$pAssociated topics.
=260  \\$aLondon :$bUK Water Industry Research Limited,$c2003-2004.
=300  \\$a3 v. :$bill. (some col.), maps (some col.) ;$c30 cm.
=336  \\$atext$2rdacontent
=337  \\$aunmediated$2rdamedia
=338  \\$avolume$2rdacarrier
=504  \\$aIncludes bibliographical references.
=505  0\$av. IVA. A comparison between "SOIL" and "HOST"; implications for urban drainage design / Richard Kellagher -- v. IVB. International drainage practices / David Balmforth -- v. IVC. Spatial high intensitivity rainfall / Murray Dale.
=500  \\$aReport Ref No. 03/CL/10/10; Report Ref No. 03/CL/10/11; Report Ref No. 03/CL/10/12.
=540  \\$aCurrent Copyright Fee: GBP25.00$c0$5Uk
=650  \0$aClimatic changes$xEnvironmental aspects$zGreat Britain.
=650  \0$aRain and rainfall$zGreat Britain.
=650  \0$aSewerage$zGreat Britain$xDesign and construction.
=650  \0$aHydraulic engineering$zGreat Britain.
=710  2\$aUnited Kingdom Water Industry Research.
=852  11$aBritish Library$bSTI$k(B)$h363.72847
=852  41$aBritish Library$bDSC$j7620.345900$iv. 4A
=852  41$aBritish Library$bDSC$j7620.345900$iv. 4B
=852  41$aBritish Library$bDSC$j7620.345900$iv. 4C
=852  11$aBritish Library$bSTI$k(B)$h628.21$iv. 4C
=852  41$aBritish Library$bSTI$ivol. 4B
=CAT  \\$a9665$b40$c20050912$lBLL01$h1405
=CAT  \\$a9665$b40$c20050912$lBLL01$h1438
=CAT  \\$a9665$b40$c20050915$lBLL01$h1347
=CAT  \\$a11164$b40$c20050916$lBLL01$h1122
=CAT  \\$a8178$b40$c20051012$lBLL01$h0933
=CAT  \\$a6550$b40$c20090218$lBLL01$h1629
=CAT  \\$aBATCH-CLA$b00$c20140810$lBLL01$h1503
=CAT  \\$aBATCH-UPD$b00$c20150513$lBLL01$h1801
=CAT  \\$aWR16_021$c20160612$lBLL01$h1939
=CAT  \\$aBATCH-CLA$b00$c20161222$lBLL01$h1807
=CAT  \\$aIPL-CLA$c20161230$lBLL01$h2145
=CAT  \\$aBATCH-CLA$b00$c20171222$lBLL01$h2129
=CAT  \\$aIPL-CLA$c20171231$lBLL01$h1646
=CAT  \\$aBATCH-CLA$b00$c20191219$lBLL01$h1734
=CAT  \\$aIPL-CLA$c20191231$lBLL01$h1935
=CAT  \\$aR2001-1524$c20200127$lBLL01$h2013
=CAT  \\$aBATCH-CLA$b00$c20200128$lBLL01$h0424
=CAT  \\$aBATCH-CLA$b00$c20201204$lBLL01$h1536
=CAT  \\$aIPL-CLA$c20201231$lBLL01$h2204
=CAT  \\$aBATCH-CLA$b00$c20221221$lBLL01$h1845
=CAT  \\$aIPL-CLA$c20221231$lBLL01$h2113
=CFI  0\$aCurrent Copyright Fee: GBP25.00$c0$e01-jan-2023$fGBP25.00$g0$hA$5Uk
=CFI  2\$aPrevious Copyright Fee: GBP22.50$c0$e01-jan-2021$fGBP22.50$g0$hA$5Uk
=FIN  \\$aY$d20050912
=ACF  \\$aPrevious Copyright Fee: GBP12.30$c0$e01-jan-2014$fGBP12.30$g0$hA$5Uk
=ACF  \\$aPrevious Copyright Fee: GBP15.00$c0$e01-jan-2017$fGBP15.00$g0$hA$5Uk
=ACF  \\$aPrevious Copyright Fee: GBP20.00$c0$e01-jan-2020$fGBP20.00$g0$hA$5Uk
=LAS  \\$aIPL-CLA$b00$c20221231$lBLL01$h2113

