=LDR  01541pam a2200457 a 4500
=001  013327392
=003  Uk
=005  20060428094924.0
=008  051005s2006\\\\enk\\\\\\b\\\\001\0\eng\\
=FMT  \\$a  BK
=015  \\$aGBA593631$2bnb
=016  7\$a013327392$2Uk
=020  \\$a1843341883 (cased) :$cNo price
=020  \\$a1843341409 (pbk.) :$cNo price
=040  \\$aStDuBDS$dUk
=042  \\$aukblsr
=082  04$a025.620941$222
=245  00$aInterlending and document supply in Britain today /$cedited by Jean Bradford and Jenny Brine.
=260  \\$aOxford :$bChandos,$c2006.
=300  \\$axii, 187 p. ;$c24 cm.
=336  \\$atext$2rdacontent
=337  \\$aunmediated$2rdamedia
=338  \\$avolume$2rdacarrier
=504  \\$aIncludes bibliographical references and index.
=500  \\$aFormerly CIP.$5Uk
=650  \0$aInterlibrary loans$zGreat Britain.
=700  1\$aBradford, Jean.
=700  1\$aBrine, J. J.
=852  41$aBritish Library$bDSC$jQ025.620941
=852  41$aBritish Library$bHMNTS$jYC.2006.a.8692
=852  41$aBritish Library$bHMNTS$cSPHOA$kMusic Enquiries Desk
=852  11$aBritish Library$bHMNTS$cSPHOA$kHUR$h025.62
=CAT  \\$aBATCH-CIP$b00$c20051101$lBLL01$h1703
=CAT  \\$c20051101$lBLL01$h1706
=CAT  \\$c20051101$lBLL01$h1725
=CAT  \\$a6632$b40$c20060329$lBLL01$h1652
=CAT  \\$a6191$b40$c20060331$lBLL01$h1146
=CAT  \\$a10896$b40$c20060428$lBLL01$h0949
=CAT  \\$aWR16_021$c20160612$lBLL01$h1945
=FIN  \\$aY$d20060331.
=LAS  \\$aWR16_021$b00$c20160612$lBLL01$h1945

