=LDR  01692pam a2200493 a 4500
=001  013365873
=003  Uk
=005  20060914104227.0
=008  050901s2006\\\\stk\\\\\\b\\\\001\0\eng\\
=FMT  \\$a  BK
=015  \\$aGBA608438$2bnb
=016  7\$a013365873$2Uk
=020  \\$a9780954102920 (cased) :$c£148.00
=020  \\$a0954102924 (cased) :$c£148.00
=040  \\$aStDuBDS$dUk
=042  \\$aukblsr
=082  04$a960.07$222
=245  04$aThe African studies companion :$ba guide to information sources /$ceditor, Hans M. Zell.
=250  \\$a4th rev. and expanded ed.
=260  \\$aLochcarron :$bHans Zell Publishing,$c2006.
=300  \\$axxx, 833 p. ;$c24 cm.
=336  \\$atext$2rdacontent
=337  \\$aunmediated$2rdamedia
=338  \\$avolume$2rdacarrier
=500  \\$aPrevious ed.: 2003.
=500  \\$aIncludes bibliographical references and index.
=651  \0$aAfrica$vBibliography$vCatalogs.
=650  \0$aInformation resources$zAfrica.
=651  \0$aAfrica$vInformation services.
=700  1\$aZell, Hans M.
=852  41$aBritish Library$bHMNTS$jYK.2007.a.12726
=852  41$aBritish Library$bDSC$jQ960.07
=852  11$aBritish Library$bOC$cSPHOA$kOIS$h960.07
=852  41$aBritish Library$bOC$xstaff reference
=852  11$aBritish Library$bHMNTS$cSPHOA$kHLR$h960.07
=CAT  \\$aBATCH-CIP$b00$c20051220$lBLL01$h1701
=CAT  \\$c20051220$lBLL01$h1704
=CAT  \\$c20051220$lBLL01$h1724
=CAT  \\$a1722$b40$c20060622$lBLL01$h1106
=CAT  \\$a6506$b40$c20060714$lBLL01$h1003
=CAT  \\$a8332$b40$c20060914$lBLL01$h1042
=CAT  \\$aWR16_021$c20160613$lBLL01$h1804
=FIN  \\$aY$d20060622
=LAS  \\$aWR16_021$b00$c20160613$lBLL01$h1804

