=LDR  02269 am a2200565 a 4500
=001  013390643
=003  Uk
=005  20120905142122.0
=008  020905m20022011fr\abc\\\be\\\001\0\fre\\
=FMT  \\$a  BK
=010  \\$a  2002550701
=020  \\$a2765408416 ([v. 1])
=020  \\$a9782765409106 ([v. 2])
=020  \\$a2765409102 ([v. 2])
=020  \\$a9782765409878 ([v. 3])
=020  \\$a2765409897 ([v. 3])
=020  \\$a9782765409885 ([v. 4])
=035  \\$a(FrPJT)JTL00098382
=040  \\$aDLC$beng$cDLC$dUk
=042  \\$aukblsr
=050  00$aZ282.5$b.D53 2002
=082  04$a002.03$223
=245  00$aDictionnaire encyclopédique du livre /$csous la direction de Pascal Fouché, Daniel Péchoin, Philippe Schuwer ; et la responsabilité scientifique de Pascal Fouché ... [et al.] ; préface de Henri-Jean Martin ; [direction générale, Pascal Fouché ; relectures et révisions, Jean-Dominique Mellot].
=260  \\$aParis :$bÉditions du Cercle de la librairie,$cc2002-c2011.
=300  \\$a4 v. :$bill. (some col.), col. maps, ports. (some col.) ;$c31 cm.
=336  \\$atext$2rdacontent
=337  \\$aunmediated$2rdamedia
=338  \\$avolume$2rdacarrier
=505  0\$a[v. 1]. A-D -- [v. 2]. E-M -- [v. 3]. N-Z -- [v. 4]. Index général, A-Z.
=504  \\$aIncludes bibliographical references (v. 1, p. [849]-897) and index.
=650  \0$aBook industries and trade$xHistory$vEncyclopedias.
=650  \0$aPublishers and publishing$xHistory$vEncyclopedias.
=650  \0$aBooks$xHistory$vEncyclopedias.
=650  \0$aPrinting$xHistory$vEncyclopedias.
=700  1\$aFouché, Pascal.
=700  1\$aPéchoin, Daniel.
=700  1\$aSchuwer, Philippe.
=700  1\$aMellot, Jean-Dominique.
=852  41$aBritish Library$bHMNTS$jYF.2007.b.1297
=852  41$aBritish Library$bHMNTS$cSPHOA
=852  41$aBritish Library$bHMNTS$cSPHOA$kRAR$h002.03
=852  11$aBritish Library$bHMNTS$cSPHOA$kRAR$h002.03
=CAT  \\$a7153$b40$c20060131$lBLL01$h1156
=CAT  \\$a11071$b40$c20070613$lBLL01$h1013
=CAT  \\$a11071$b40$c20070613$lBLL01$h1014
=CAT  \\$a12640$b40$c20120905$lBLL01$h1421
=FIN  \\$aY$d20070613
=SID  \\$aZ39$bOCLC
=SRC  \\$aBLL02$bpart.2.ai
=LAS  \\$a12640$b40$c20120905$lBLL01$h1421

