=LDR  03635pam a2200901 a 4500
=001  013517117
=003  Uk
=005  20140403154014.0
=008  060406m20062013enkab\\\\b\\\\001\0\eng\\
=FMT  \\$a  BK
=015  \\$aGBA664568$2bnb
=016  7\$a013517117$2Uk
=020  \\$a9781107029507 (set)
=020  \\$a1107029503 (set)
=020  \\$a9780521620932 (v. 1) :$c£100.00
=020  \\$a9780521620949 (v. 2) :$c£110.00
=020  \\$a0521620945 (v. 2) :$c£110.00
=020  \\$a9780521620956 (v. 3) :$c£95.00
=020  \\$a0521620953 (v. 3) :$c£95.00
=020  \\$a9780521620963 (v. 4) :$c£100.00
=020  \\$a0521620961 (v. 4) :$c£100.00
=040  \\$aStDuBDS$beng$cStDuBDS$dUk
=042  \\$aukblsr
=082  04$a956.1$222
=245  04$aThe Cambridge history of Turkey.
=260  \\$aCambridge :$bCambridge University Press,$c2006-2013.
=300  \\$a4 v. :$bill., maps ;$c24 cm.
=336  \\$atext$2rdacontent
=337  \\$aunmediated$2rdamedia
=338  \\$avolume$2rdacarrier
=505  0\$av. 1. Byzantium to Turkey, 1071-1453 / edited by Kate Fleet -- v. 2. The Ottoman Empire as a world power, 1453-1603 / edited by Suraiya N. Faroqhi and Kate Fleet -- v. 3. The later Ottoman Empire, 1603-1839 / edited by Suraiya N. Faroqhi -- v. 4. Turkey in the modern world / edited by Reşat Kasaba.
=504  \\$aIncludes bibliographical references and index.
=500  \\$aFormerly CIP.$5Uk
=651  \0$aTurkey$xHistory.
=700  1\$aFleet, Kate.
=700  1\$aFaroqhi, Suraiya,$d1941-
=700  1\$aKasaba, Reşat,$d1954-
=740  02$aByzantium to Turkey, 1071-1453.
=740  02$aOttoman Empire as a world power, 1453-1603.
=740  02$aLater Ottoman Empire, 1603-1839.
=740  02$aTurkey in the modern world.
=852  41$aBritish Library$bHMNTS$jYC.2013.a.8969$ivol. 2
=852  41$aBritish Library$bDSC$jm09/.35299$ivol. 1
=852  41$aBritish Library$bDSC$jm08/.29542$ivol. 3
=852  41$aBritish Library$bDSC$jm08/.30871$ivol. 4
=852  41$aBritish Library$bHMNTS$jYC.2007.a.2009$ivol. 3
=852  41$aBritish Library$bHMNTS$jYC.2008.a.8832$ivol. 4
=852  41$aBritish Library$bHMNTS$jYC.2009.a.9519$ivol. 1
=852  11$aBritish Library$bHMNTS$cSPHOA$kHLR$h956.1$ivol. 1
=852  11$aBritish Library$bHMNTS$cSPHOA
=CAT  \\$aBATCH-CIP$b00$c20060725$lBLL01$h1701
=CAT  \\$aBATCH$b00$c20060725$lBLL01$h1717
=CAT  \\$a11249$b40$c20060726$lBLL01$h1358
=CAT  \\$a8479$b40$c20070124$lBLL01$h1556
=CAT  \\$a8479$b40$c20070124$lBLL01$h1557
=CAT  \\$a8479$b40$c20070124$lBLL01$h1558
=CAT  \\$a8479$b40$c20070124$lBLL01$h1600
=CAT  \\$a8479$b40$c20070124$lBLL01$h1603
=CAT  \\$a11009$b40$c20070131$lBLL01$h1140
=CAT  \\$a11009$b40$c20070131$lBLL01$h1142
=CAT  \\$a11009$b40$c20070202$lBLL01$h1427
=CAT  \\$a11009$b40$c20070208$lBLL01$h0950
=CAT  \\$a11250$b40$c20080529$lBLL01$h0912
=CAT  \\$a7203$b40$c20080804$lBLL01$h1354
=CAT  \\$a11250$b40$c20080905$lBLL01$h0937
=CAT  \\$a6550$b40$c20090424$lBLL01$h1710
=CAT  \\$a12324$b40$c20090730$lBLL01$h1402
=CAT  \\$a11317$b40$c20090730$lBLL01$h1457
=CAT  \\$a11317$b40$c20090810$lBLL01$h1314
=CAT  \\$aBATCH-UPD$b40$c20121116$lBLL01$h0200
=CAT  \\$a11009$b40$c20130719$lBLL01$h0943
=CAT  \\$a11009$b40$c20140403$lBLL01$h1158
=CAT  \\$a11009$b40$c20140403$lBLL01$h1338
=CAT  \\$a11009$b40$c20140403$lBLL01$h1539
=CAT  \\$a11009$b40$c20140403$lBLL01$h1540
=CAT  \\$aWR16_021$c20160615$lBLL01$h1807
=FIN  \\$aY$d20070208
=LAS  \\$aWR16_021$b00$c20160615$lBLL01$h1807

