=LDR  01624 am a2200433 a 4500
=001  013529229
=003  Uk
=005  20060926134837.0
=008  060810s2006\\\\au\a\\\\\b\\\\000\0\eng\\
=FMT  \\$a  BK
=020  \\$a9201008058
=040  \\$aUk$beng$cUk
=042  \\$aukblsr
=082  04$a363.738463$222
=245  00$aUse of chlorofluorocarbons in hydrology :$ba guidebook.
=260  \\$aVienna :$bInternational Atomic Energy Agency,$c2006.
=300  \\$a277 p. :$bill. ;$c24 cm. +$e1 CD ROM
=336  \\$atext$2rdacontent
=337  \\$aunmediated$2rdamedia
=338  \\$avolume$2rdacarrier
=504  \\$aIncludes bibliographic references.
=540  \\$aBritish Library not licensed to copy$c0$5Uk
=650  \0$aChlorofluorocarbons$xEnvironmental aspects.
=650  \0$aGroundwater$xPollution.
=710  2\$aInternational Atomic Energy Agency.
=852  11$aBritish Library$bSTI$k(B)363.738463$3Accompanying CD-ROM at (TB)363.738463
=852  11$aBritish Library$bSTI$k(TB)$h363.738463
=852  41$aBritish Library$bDSC$j4536.400000$ino. 1238
=CAT  \\$a3563$b40$c20060810$lBLL01$h1628
=CAT  \\$a8962$b40$c20060926$lBLL01$h1347
=CAT  \\$a8962$b40$c20060926$lBLL01$h1348
=CAT  \\$aBATCH-CLA$b00$c20130527$lBLL01$h0124
=CAT  \\$aBATCH-CLA$b00$c20130602$lBLL01$h0146
=CAT  \\$aIPL-CLA$c20130701$lBLL01$h0100
=CFI  0\$aBritish Library not licensed to copy$c0$e01-jul-2013$hC$iCFP Excluded$5Uk
=CFI  2\$aBritish Library not licensed to copy$c0$e01-jan-2013$hC$iCFP Excluded$5Uk
=FIN  \\$aY$d20060926
=TCO  \\$aXXX$c008
=LAS  \\$aIPL-CLA$b00$c20130701$lBLL01$h0100

