=LDR  03314cam a2200757 a 4500
=001  013536544
=003  Uk
=005  20220331223914.0
=008  060726s2006\\\\enk\\\\\\b\\\\001\0\eng\\
=FMT  \\$a  BK
=015  \\$aGBA671637$2bnb
=016  7\$a013536544$2Uk
=020  \\$a9780195313734 :$c£720.00
=020  \\$a0195313739 :$c£720.00
=040  \\$aStDuBDS$beng$cStDuBDS$dUk
=042  \\$aukblsr
=082  04$a781.6403$222
=245  04$aThe encyclopedia of popular music /$cedited by Colin Larkin.
=250  \\$a4th ed.
=260  \\$aOxford :$bOxford University Press,$c2006.
=300  \\$a10 v. ;$c26 cm.
=336  \\$atext$2rdacontent
=337  \\$aunmediated$2rdamedia
=338  \\$avolume$2rdacarrier
=500  \\$aPrevious ed.: London : Muze, 1998.
=504  \\$aIncludes bibliographical references and index.
=505  0\$av. 1. A - Brown, Lloyd -- v. 2. Brown, Marion - Dilated Peoples -- v. 3. Dill, Danny - Grenadine -- v. 4. Grenfell, Joyce - Koller, Hans -- v. 5. Kollington - Morphine -- v. 6. Morricone, Ennio - Rich Kids -- v. 7. Rich, Young and Pretty - Swift, Richard -- v. 8. Swift, Rob - ZZ Top -- v. 9. Selected Albums. Bibliographies. -- v. 10. Indexes.
=500  \\$aFormerly CIP.$5Uk
=540  \\$aCurrent Copyright Fee: GBP22.50$c0$5Uk
=650  \0$aPopular music$vEncyclopedias.
=700  1\$aLarkin, Colin.
=852  41$aBritish Library$bHMNTS$jYC.2007.b.442$ivol. 1
=852  41$aBritish Library$bHMNTS$jYC.2007.b.411$ivol. 5
=852  41$aBritish Library$bHMNTS$jYC.2007.b.415$ivol. 9
=852  41$aBritish Library$bHMNTS$jYC.2007.b.416$ivol. 10
=852  41$aBritish Library$bDSC$cQ$jQ781.6403$ivol. 2
=852  41$aBritish Library$bDSC$cQ$jQ781.6403$ivol. 10
=852  41$aBritish Library$bDSC$cQ$jQ781.6403$ivol. 9
=852  41$aBritish Library$bDSC$cQ$jQ781.6403$ivol. 4
=852  41$aBritish Library$bDSC$cQ$jQ781.6403$ivol. 1
=852  41$aBritish Library$bDSC$cQ$jQ781.6403$ivol. 6
=852  11$aBritish Library$bHMNTS$cSPHOA$kHUS$h789.3003
=852  41$aBritish Library$bHMNTS$jYC.2007.b.409$ivol. 3
=852  41$aBritish Library$bHMNTS$jYC.2007.b.414$ivol. 8
=852  41$aBritish Library$bHMNTS$jYC.2007.b.408$ivol. 2
=852  41$aBritish Library$bHMNTS$jYC.2007.b.410$ivol. 4
=852  41$aBritish Library$bHMNTS$ivol. 7
=852  41$aBritish Library$bDSC$cQ$jQ781.6403$ivol. 3
=852  41$aBritish Library$bDSC$cQ$jQ781.6403$ivol. 7
=852  41$aBritish Library$bDSC$cQ$jQ781.6403$ivol. 5
=852  41$aBritish Library$bDSC$cQ$jQ781.6403$ivol. 8
=852  41$aBritish Library$bHMNTS$jYC.2007.b.412$ivol. 6
=852  41$aBritish Library$bHMNTS$jYC.2007.b.413$ivol. 7
=CAT  \\$aBATCH-CIP$b00$c20060822$lBLL01$h1701
=CAT  \\$aBATCH$b00$c20060822$lBLL01$h1702
=CAT  \\$aBATCH$b00$c20060822$lBLL01$h1714
=CAT  \\$aBATCH$b00$c20061106$lBLL01$h1042
=CAT  \\$aBATCH$b00$c20061106$lBLL01$h1050
=CAT  \\$a11250$b40$c20070110$lBLL01$h0831
=CAT  \\$a11250$b40$c20070110$lBLL01$h0853
=CAT  \\$aWR16_021$c20160615$lBLL01$h1811
=CAT  \\$aBATCH-CLAB$c20220330$lBLL01$h1716
=CAT  \\$aIPL-CLA$c20220331$lBLL01$h2239
=CFI  0\$aCurrent Copyright Fee: GBP22.50$c0$e01-apr-2022$fGBP22.50$g0$hC$5Uk
=FIN  \\$aY$d20070110
=LAS  \\$aIPL-CLA$b00$c20220331$lBLL01$h2239

