=LDR  04796pam a2200889 a 4500
=001  013542338
=003  Uk
=005  20070905120304.0
=008  060825s2007\\\\iluabc\\\be\\\001\0\eng\\
=FMT  \\$a  BK
=015  \\$aGBA675211$2bnb
=016  7\$a013542338$2Uk
=020  \\$a9781593392925 (set) :$c£995.00
=020  \\$a1593392923 (set) :$c£995.00
=040  \\$aStDuBDS$beng$cStDuBDS$dUk
=042  \\$aukblsr
=082  04$a032$222
=245  04$aThe new encyclopaedia Britannica.
=246  30$aEncyclopaedia Britannica
=246  18$aBritannica
=250  \\$a15th ed.
=260  \\$aChicago, Ill. ;$aLondon :$bEncyclopaedia Britannica,$cc2007.
=300  \\$a32 v. :$bill. (some col.), maps (some col.), ports. (some col.) ;$c29 cm.
=336  \\$atext$2rdacontent
=337  \\$aunmediated$2rdamedia
=338  \\$avolume$2rdacarrier
=500  \\$aRev. reprint of 15th ed.; 15th ed. originally published: 1974. -- Previous rev. reprint of 15th ed.: 2005.
=504  \\$aIncludes bibliographical references and index.
=505  0\$av. 1-12. Micropaedia : ready reference : v. 1. A-ak-Bayes -- v. 2. Bayeu-Ceanothus -- v. 3. Ceara-Deluc -- v. 4. Delusion-Frenssen -- v. 5. Freon-Holderlin -- v. 6. Holderness-Krasnogorsk -- v. 7. Krasnokamsk-Menadra -- v. 8. Menage-Ottawa -- v. 9. Otter-Rethimnon -- v. 10. Reti-Solovets -- v. 11. Solovyov-Truck -- v. 12. Trudeau-Zywiec -- v. 13-29. Macropaedia : knowledge in depth : v. 13. Accounting-Architecture -- v. 14. Arctic-Biosphere -- v. 15. Birds-Chess -- v. 16. Chicago-Death -- v. 17. Decorative-Edison -- v. 18. Education-Evolution -- v. 19. Excretion-Geometry -- v. 20. Geomorphic-Immunity -- v. 21. India-Ireland -- v. 22. Islam-Life -- v. 23. Light-Metabolism -- v. 24. Metaphysics-Norway -- v. 25. Number-Prague -- v. 26. Pre-Columbian-Saint -- v. 27. San Francisco-Southern -- v. 28. Spain-Union -- v. 29. United-Zoroastrianism -- [v. 30]. Propaedia : outline of knowledge and guide to the Britannica -- [v. 31]. Index, A-K -- [v. 32]. Index, L-Z.
=500  \\$aFormerly CIP.$5Uk
=650  \0$aEncyclopedias and dictionaries.
=710  2\$aEncyclopaedia Britannica, Inc.
=852  41$aBritish Library$bHMNTS$jYK.2007.b.2728$ivol. 6
=852  41$aBritish Library$bHMNTS$jYK.2007.b.2738$ivol. 16
=852  41$aBritish Library$bHMNTS$jYK.2007.b.2742$ivol. 20
=852  41$aBritish Library$bHMNTS$jYK.2007.b.2744$ivol. 22
=852  41$aBritish Library$bHMNTS$jYK.2007.b.2746$ivol. 24
=852  41$aBritish Library$bHMNTS$jYK.2007.b.2748$ivol. 26
=852  41$aBritish Library$bHMNTS$jYK.2007.b.2740$ivol. 18
=852  41$aBritish Library$bHMNTS$jYK.2007.b.2747$ivol. 25
=852  41$aBritish Library$bHMNTS$jYK.2007.b.2723$ivol. 1
=852  41$aBritish Library$bHMNTS$jYK.2007.b.2725$ivol. 3
=852  41$aBritish Library$bHMNTS$jYK.2007.b.2730$ivol. 8
=852  41$aBritish Library$bHMNTS$jYK.2007.b.2736$ivol. 14
=852  41$aBritish Library$bHMNTS$jYK.2007.b.2734$ivol. 12
=852  41$aBritish Library$bHMNTS$ivol. 29
=852  41$aBritish Library$bHMNTS$jYK.2007.b.2732$ivol. 10
=852  41$aBritish Library$bHMNTS$jYK.2007.b.2731$ivol. 9
=852  41$aBritish Library$bHMNTS$jYK.2007.b.2735$ivol. 13
=852  41$aBritish Library$bHMNTS$jYK.2007.b.2750$ivol. 28
=852  41$aBritish Library$bHMNTS$jYK.2007.b.2749$ivol. 27
=852  41$aBritish Library$bHMNTS$jYK.2007.b.2751$ivol. 29
=852  41$aBritish Library$bHMNTS$jYK.2007.b.2754$ivol. 32
=852  41$aBritish Library$bHMNTS$jYK.2007.b.2745$ivol. 23
=852  11$aBritish Library$bHMNTS$cSPHOA$kOPL$h001
=852  41$aBritish Library$bHMNTS$jYK.2007.b.2724$ivol. 2
=852  41$aBritish Library$bHMNTS$jYK.2007.b.2726$ivol. 4
=852  41$aBritish Library$bHMNTS$jYK.2007.b.2743$ivol. 21
=852  41$aBritish Library$bHMNTS$jYK.2007.b.2729$ivol. 7
=852  41$aBritish Library$bHMNTS$jYK.2007.b.2753$ivol. 31
=852  41$aBritish Library$bHMNTS$jYK.2007.b.2741$ivol. 19
=852  41$aBritish Library$bHMNTS$jYK.2007.b.2752$ivol. 30
=852  41$aBritish Library$bHMNTS$jYK.2007.b.2739$ivol. 17
=852  41$aBritish Library$bHMNTS$jYK.2007.b.2733$ivol. 11
=852  41$aBritish Library$bHMNTS$jYK.2007.b.2727$ivol. 5
=852  41$aBritish Library$bHMNTS$jYK.2007.b.2737$ivol. 15
=CAT  \\$aBATCH-CIP$b00$c20060829$lBLL01$h1702
=CAT  \\$aBATCH$b00$c20060829$lBLL01$h1703
=CAT  \\$aBATCH$b00$c20060829$lBLL01$h1715
=CAT  \\$a6923$b40$c20070702$lBLL01$h1120
=CAT  \\$a11250$b40$c20070709$lBLL01$h0939
=CAT  \\$a11250$b40$c20070709$lBLL01$h1150
=CAT  \\$a11250$b40$c20070905$lBLL01$h1203
=CAT  \\$aWR16_021$c20160615$lBLL01$h1813
=CAT  \\$aBATCH-UPD$b00$c20190413$lBLL01$h1748
=FIN  \\$aY$d20070709
=LAS  \\$aBATCH-UPD$b00$c20190413$lBLL01$h1748

