=LDR  01681 am a2200493 a 4500
=001  013583264
=003  Uk
=005  20090224093840.0
=008  070625s2006\\\\enka\\\\\\\\\\001\0\eng\d
=FMT  \\$a  BK
=015  \\$aGBA918938$2bnb
=016  7\$a013583264$2Uk
=020  \\$a9780955337604 (pbk.) :$cNo price
=020  \\$a0955337607 (pbk.) :$cNo price
=035  \\$a(UkOxU)16514928
=038  \\$aUkLCURL
=040  \\$aUkOxU$dUk
=042  \\$aukblsr
=082  04$a381.19$222
=100  1\$aTough, John.
=245  10$aSetting up and running charity shops :$ban essential guide /$cby John Tough.
=260  \\$aLondon :$bAssociation of Charity Shops,$c2006.
=300  \\$a140 p. :$bill. ;$c24 cm.
=336  \\$atext$2rdacontent
=337  \\$aunmediated$2rdamedia
=338  \\$avolume$2rdacarrier
=500  \\$aIncludes index.
=650  \0$aThrift shops$zGreat Britain$xManagement.
=650  \0$aThrift shops$xEconomic aspects$zGreat Britain.
=690  7\$aManagement and Business Studies$2blcoll
=710  2\$aAssociation of Charity Shops (Great Britain)
=852  11$aBritish Library$bSTI$cBIPC$kSBH.$hBT.97$3Accompanying CD-Rom at
=852  11$aBritish Library$bSTI$cBIPC
=852  41$aBritish Library$bHMNTS$jYK.2009.a.5701
=CAT  \\$a12327$b40$c20061024$lBLL01$h1522
=CAT  \\$aBLSS-CORR$b00$c20080705$lBLL01$h2204
=CAT  \\$a5751$b40$c20090223$lBLL01$h1121
=CAT  \\$a5751$b40$c20090223$lBLL01$h1536
=CAT  \\$a8964$b40$c20090224$lBLL01$h0938
=CAT  \\$aBATCH$b00$c20090624$lBLL01$h1719
=CAT  \\$aWR16_021$c20160616$lBLL01$h1806
=FIN  \\$aY$d20090223
=SID  \\$aZ39$bCURL
=LAS  \\$aWR16_021$b00$c20160616$lBLL01$h1806

