=LDR  02657cam a2200793ua 4500
=001  011301906
=003  Uk
=005  20220331220718.0
=008  820907s1982\\\\enka\\\\|\\\\\001\|\eng\\
=FMT  \\$a  BK
=010  \\$a81013896
=015  \\$aGB8228196$2bnb
=019  y\$aB8228196
=019  9\$a0136617697
=019  a\$aG00121263
=019  1\$a0136617697
=019  0\$as524829004
=020  \\$a0136617514 (pbk) :$c£9.70
=020  \\$a0136617697 (cased) :$cUnpriced
=039  0\$a1705
=040  \\$aUk$cUk
=050  00$aQA76.8.P47
=082  04$a001.6/424$218
=082  04$a005.2/65$219
=084  \\$aPN 46(B10)$2blsrissc
=084  \\$aPM 76(B10)$2blsrissc
=100  1\$aHaskell, Richard E.$q(Richard Edmund),$d1938-
=245  10$aPET/CBM BASIC /$cRichard Haskell.
=260  \\$aEnglewood Cliffs ;$aLondon :$bPrentice-Hall,$cc1982.
=300  \\$avi,154p. :$bill. ;$c29cm.
=336  \\$atext$2rdacontent
=337  \\$aunmediated$2rdamedia
=338  \\$avolume$2rdacarrier
=490  0\$aA Spectrum book
=500  \\$aIncludes index.
=597  \\$aDLC$b81013896 //r852
=540  \\$aCurrent Copyright Fee: GBP25.00$c0$5Uk
=650  \0$aPET (Computer)$xProgramming.
=650  \0$aCBM (Computer)$xProgramming.
=650  \0$aBASIC (Computer program language)
=653  \\$aCommodore PET microcomputer systems$aProgramming languages$aBasic language
=886  2\$2ukmarc$a900$b10$aHaskell$hRichard$xSee$aHaskell, Richard E.$z100
=852  4\$aBritish Library$bDSC$j83/02096
=852  4\$aBritish Library$bDSC$x83/02096
=852  41$aBritish Library$bDSC$j83/02096
=852  41$aBritish Library$bHMNTS$jX.622/12953
=852  71$aBritish Library$bSTI$cRES$k(B)$hPN 46$m(B10)$2blsrissc
=958  \\$a(B) PN 46(B1)
=CAT  \\$aCONV$b00$c20040425$lBLL90$h0758
=CAT  \\$aCONV$b00$c20040502$lBLL01$h1429
=CAT  \\$aglobal_upd$b40$c20060417$lBLL01$h1210
=CAT  \\$aUCB-HOL$b00$c20070906$lBLL01$h1621
=CAT  \\$aBATCH$b00$c20070906$lBLL01$h1958
=CAT  \\$aBATCH$b00$c20071122$lBLL01$h0945
=CAT  \\$aBATCH$b00$c20091122$lBLL01$h1750
=CAT  \\$aBATCH-CLAB$c20220330$lBLL01$h1706
=CAT  \\$aIPL-CLA$c20220331$lBLL01$h2207
=CFI  0\$aCurrent Copyright Fee: GBP25.00$c0$e01-apr-2022$fGBP25.00$g0$hC$5Uk
=FIN  \\$aY
=LEO  \\$aMP5.0000563458
=LEO  \\$aMP8.0000023949
=LEO  \\$aMP13.0001395258
=LEO  \\$aMP25.0000215859
=SRC  \\$aBNB03$bbibmp5.200404.2.aa
=SRC  \\$aDSC01$bbibmp8.200404.2.aa
=SRC  \\$aHSS01$bbibmp13.200404.2.ac
=SRC  \\$aSRI01$bbibmp25.200404.2.aa
=SRC  \\$aUCB 2007
=LAS  \\$aIPL-CLA$b00$c20220331$lBLL01$h2207

