=LDR  02500pam a2200721 a 4500
=001  011627231
=003  Uk
=005  20050830150020.0
=007  ta
=007  co\mg||||m||||
=008  031111s2004\\\\xxca\\\\\b\\\\001\0\eng\\
=FMT  \\$a  BK
=015  \\$aGBA3T6264$2bnb
=016  7\$a011627231$2Uk
=019  y\$abA3T6264
=019  9\$a1550092340
=019  g\$aadv5005489258
=019  a\$aG07980164
=020  \\$a1550092340 (set : cased) :$c£365.00
=039  0\$a2420
=040  \\$aStDuBDS$beng$cUk$dUk
=042  \\$aukblsr
=082  04$a617.52059$222
=245  00$aPeterson's principles of oral and maxillofacial surgery /$cMichael Miloro, editor ; G.E. Ghali, Peter E. Larsen, Peter D. Waite, associate editors.
=250  \\$a2nd ed.
=260  \\$aHamilton, Ont. ;$aLondon :$bB.C Decker Inc,$c2004.
=300  \\$a2 v. :$bill. ;$c30 cm. +$e1 CD ROM.
=336  \\$atext$2rdacontent
=337  \\$aunmediated$2rdamedia
=338  \\$avolume$2rdacarrier
=500  \\$aIncludes 1 CD ROM attached to inside front cover of vol. 1.
=504  \\$aIncludes bibliographical references and index.
=650  \0$aMouth$xSurgery.
=650  \0$aFace$xSurgery.
=700  1\$aMiloro, Michael.
=700  1\$aGhali, G. E.
=700  1\$aLarsen, Peter E.
=700  1\$aWaite, Peter D.
=852  11$aBritish Library$bSTI$k(B) 617.52$iv. 1$3Accompanying CD-ROM at (TB) 617.52059
=852  11$aBritish Library$bSTI$k(B)$h617.52$iv. 2$3Accompanying CD-ROM at (TB) 617.52
=852  11$aBritish Library$bSTI$k(TB)$h617.52
=852  41$aBritish Library$bDSC$jVm05/.50500$ivol. 2
=852  41$aBritish Library$bDSC$jVm05/.50499$ivol. 1
=966  \\$uo$lACQUIS 19/04/2004
=CAT  \\$aCONV$b00$c20040425$lBLL90$h0540
=CAT  \\$aCONV$b00$c20040502$lBLL01$h1441
=CAT  \\$a10932$b40$c20050616$lBLL01$h1642
=CAT  \\$a11250$b40$c20050830$lBLL01$h1500
=CAT  \\$aglobal_upd$b40$c20060417$lBLL01$h1259
=CAT  \\$aBATCH$b00$c20091122$lBLL01$h1854
=CAT  \\$aBATCH$b00$c20091210$lBLL01$h0533
=CAT  \\$aBATCH$b00$c20091214$lBLL01$h0740
=CAT  \\$aBATCH$b00$c20091216$lBLL01$h0200
=CAT  \\$aBATCH-RDA$c20160127$lBLL01$h1358
=CAT  \\$aWR16_021$c20160610$lBLL01$h1936
=FIN  \\$aY$d20050616
=LDO  \\$aCIP
=LEO  \\$aMP5.0000346410
=LEO  \\$aMP8.0001901965
=SRC  \\$aBNB03$bbibmp5.200404.2.aa
=SRC  \\$aDSC01$bbibmp8.200404.2.ac
=SRC  \\$aLDS01$bbiblm.200404.2.aa
=LAS  \\$aWR16_021$b00$c20160610$lBLL01$h1936

