=LDR  05005cas a2201105 a 4500
=001  011784295
=003  Uk
=005  20221231202955.0
=007  ta
=008  760414c19629999it\\x\p\\\\\\o0\\\a0eng\\
=FMT  \\$a  SE
=019  c\$a2179090
=019  0\$as276369009
=022  0\$a0532-0488
=040  \\$aUk$cUk$dUk
=082  04$a631.47$222
=084  \\$aDM 80$2blsrissc
=210  0\$aWorld soil resour. rep.
=222  \0$aWorld soil resources reports
=245  00$aWorld soil resources reports.
=246  1\$iIssues in French have title:$aRapport sur les ressources en sols du monde
=246  1\$iSome issues have title:$aWorld soil resources report
=260  \\$aRome :$bFood and Agriculture Organization of the United Nations,$c1962-
=300  \\$av. :$bill. ;$c28 cm. +$eCD-ROMs.
=310  \\$aIrregular
=336  \\$atext$2rdacontent
=337  \\$aunmediated$2rdamedia
=338  \\$avolume$2rdacarrier
=500  \\$aSome no. published jointly by FAO and UNESCO.
=595  \\$aSRIS SHARED STOCK. SEE ALSO RMS SEE ALSO 7288.1285 FOR FRENCH EDITION.
=500  \\$aLatest issue consulted: No. 104, published 2009.
=540  \\$aCurrent Copyright Fee: GBP25.00$c0$5Uk
=650  \0$aSoils$vMaps.
=650  \0$aWorld maps.
=650  \0$aSoils$vClassification.
=650  \0$aSoils$vPeriodicals.
=710  2\$aFood and Agriculture Organization of the United Nations.
=710  2\$aUnesco.
=852  41$aBritish Library$bHMNTS$x.
=852  41$aBritish Library$bDSC$j9360.035000$3No. 33 (1968)-no. 82 (1996); no. 86 (1999)-no. 87 (1999); no. 94 (2001)-no. 97 (2001)***All issues from 1997 held at STM, some duplicate copies held at DSC. Holdings do not accurately reflect stock received prior to June 2004. Always check at shelf.
=852  71$aBritish Library$bSTI$k(P)$hDM 80$m-E(25)$2blsrissc$3[No.] 1 (1962)-no. 104 (2009)***Deficient: No. 29, 42, 55, 57, 63
=852  71$aBritish Library$bSTI$k(MP)$hDM 80$m-E(25)$2blsrissc$31962- ; [No.] 1- ; Deficient: No.29, 42, 55, 57, 63***No.1; 5-16; 18-43
=852  71$aBritish Library$bSTI$k(TP)$hDM 80$m-E(25)$2blsrissc$31962- ; [No.] 1- ; Deficient: No.29, 42, 55, 57, 63***Accompanying diskette
=945  \\$aWORLD SOIL RESOURCES REPORT- FOOD AND AGRICULTURE ORGANIZATION OF THE UNITED NATIONS.
=957  \\$aP
=959  \\$fHeld but not currently received
=963  \\$aNO. 48, 1978- *A=1$bY$cOP.110.14.029
=985  \\$aRecord merged by SUNCAT team
=985  \\$aRecord merged by DQ team
=A02  \\$a2179090
=CAT  \\$aCONV$b00$c20040425$lBLL90$h0712
=CAT  \\$a12500$b40$c20090102$lBLL01$h1413
=CAT  \\$aBATCH$b00$c20091210$lBLL01$h0623
=CAT  \\$aBATCH$b00$c20091214$lBLL01$h0830
=CAT  \\$aBATCH$b00$c20091216$lBLL01$h0207
=CAT  \\$a8871$b40$c20100916$lBLL01$h1458
=CAT  \\$aBATCH-UPD$b40$c20101201$lBLL01$h1243
=CAT  \\$aIPL-CLA$c20101231$lBLL01$h1447
=CAT  \\$aWR11_203$c20111204$lBLL01$h1452
=CAT  \\$aIPL-CLA$c20111230$lBLL01$h1952
=CAT  \\$aBATCH-UPD$b00$c20120614$lBLL01$h2125
=CAT  \\$aBATCH-CLA$b00$c20121109$lBLL01$h1743
=CAT  \\$aWR13.005$c20130323$lBLL01$h1226
=CAT  \\$aBATCH-CLA$c20131220$lBLL01$h1957
=CAT  \\$aIPL-CLA$c20131231$lBLL01$h2252
=CAT  \\$aBATCH-CLA$b00$c20161222$lBLL01$h1753
=CAT  \\$aIPL-CLA$c20161230$lBLL01$h2046
=CAT  \\$aBATCH-CLA$b00$c20171222$lBLL01$h2111
=CAT  \\$aIPL-CLA$c20171231$lBLL01$h1603
=CAT  \\$aBATCH-CLA$b00$c20191219$lBLL01$h1721
=CAT  \\$aIPL-CLA$c20191231$lBLL01$h1906
=CAT  \\$aR2001-1524$c20200127$lBLL01$h1956
=CAT  \\$aBATCH-CLA$b00$c20201204$lBLL01$h1520
=CAT  \\$aIPL-CLA$c20201231$lBLL01$h2126
=CAT  \\$aBATCH-CLA$b00$c20221221$lBLL01$h1827
=CAT  \\$aIPL-CLA$c20221231$lBLL01$h2029
=CFI  0\$aCurrent Copyright Fee: GBP25.00$c0$e01-jan-2023$fGBP25.00$g0$hA$5Uk
=CFI  2\$aPrevious Copyright Fee: GBP22.50$c0$e01-jan-2021$fGBP22.50$g0$hA$5Uk
=FIN  \\$aY
=LEO  \\$aMP25.0000113945
=LEO  \\$aMP10.0000619307
=SRC  \\$aDSS02$bbibh.200404.2.aa
=SRC  \\$aSRI01$bbibmp25.200404.2.aa
=SRC  \\$aDSS01$bbibmp10.200404.2.aa
=TCO  \\$aITA$bAIDRO / SIAE$c008
=ACF  \\$aPrevious copyright fee: GBP5.00$c0$e01-jul-2002$fGBP5.00$g0$hC$5Uk
=ACF  \\$aCurrent copyright fee: GBP2.50$c0$e01-jul-1998$fGBP2.50$g0$hC$5Uk
=ACF  \\$aCurrent copyright fee: GBP2.30$c0$e01-apr-1997$fGBP2.30$g0$hC$5Uk
=ACF  \\$aPrevious copyright fee: GBP10.50$c0$e01-jan-2011$fGBP10.50$g0$hA$5Uk
=ACF  \\$aPrevious copyright fee: GBP12.00$c0$e01-jan-2012$fGBP12.00$g0$hA$5Uk
=ACF  \\$aPrevious Copyright Fee: GBP12.30$c0$e01-jan-2014$fGBP12.30$g0$hA$5Uk
=ACF  \\$aPrevious Copyright Fee: GBP15.00$c0$e01-jan-2017$fGBP15.00$g0$hA$5Uk
=ACF  \\$aPrevious Copyright Fee: GBP17.50$c0$e01-jan-2018$fGBP17.50$g0$hA$5Uk
=ACF  \\$aPrevious Copyright Fee: GBP20.00$c0$e01-jan-2020$fGBP20.00$g0$hA$5Uk
=LAS  \\$aIPL-CLA$b00$c20221231$lBLL01$h2029

