=LDR  01795 am a2200565 i 4500
=001  012293709
=003  Uk
=005  20091210223000.0
=008  800724s1979\\\\enka\\\\|\\\\\001\|\eng\\
=010  \\$a78027885
=015  \\$aGB8017667$2bnb
=019  y\$aB8017667
=019  9\$a0122101502
=019  0\$as162004001
=020  \\$a0122101502 :$c£22.75
=040  \\$aUk$cUk
=082  04$a541/.395$218
=084  \\$aKW 76$2blsrissc
=084  \\$aLJ 86$2blsrissc
=245  00$aSpectroscopy in heterogeneous catalysis /$cW. Nicholas Delgass ... [et al.].
=260  \\$aNew York ;$aLondon :$bAcademic Press,$c1979.
=300  \\$ax,341p. :$bill. ;$c24cm.
=336  \\$atext$2rdacontent
=337  \\$aunmediated$2rdamedia
=338  \\$avolume$2rdacarrier
=500  \\$aIncludes index.
=597  \\$aDLC$b78027885
=650  \0$aCatalysts$xAnalysis.
=650  \0$aSpectrum analysis.
=650  \0$aHeterogeneous catalysis.
=653  \\$aHeterogeneous catalysis$aMechanisms$aDetermination$aSpectroscopy
=700  1\$aDelgass, W. Nicholas.
=852  4\$aBritish Library$bDSC$j79/34735
=852  4\$aBritish Library$bDSC$i79/26619
=852  71$aBritish Library$bSTI$cRES$k(B)$hKW 76$2blsrissc
=CAT  \\$aCONV$b00$c20040425$lBLL90$h0545
=CAT  \\$aCONV$b00$c20040502$lBLL01$h1505
=CAT  \\$aglobal_upd$b40$c20060417$lBLL01$h1846
=CAT  \\$aUCB-HOL$b00$c20070831$lBLL01$h1503
=CAT  \\$aBATCH$b00$c20070831$lBLL01$h1721
=CAT  \\$aBATCH$b00$c20071121$lBLL01$h1453
=CAT  \\$aBATCH$b00$c20091210$lBLL01$h2230
=FIN  \\$aY
=FMT  \\$a  BK
=LAS  \\$aBATCH$b00$c20091210$lBLL01$h2230
=LEO  \\$aMP5.0000559128
=LEO  \\$aMP25.0000063188
=SRC  \\$aBNB03$bbibmp5.200404.2.aa
=SRC  \\$aSRI01$bbibmp25.200404.2.aa
=SRC  \\$aUCB 2007

