=LDR  01881 am a2200613 a 4500
=001  012294851
=003  Uk
=005  20091123012200.0
=008  830221s1982\\\\enka\\\\|\\\\\001\|\eng\\
=010  \\$a82001651
=015  \\$aGB8309339$2bnb
=019  y\$aB8309339
=019  9\$a0125977808
=019  a\$aG00148042
=019  0\$as516571001
=020  \\$a0125977808 :$c£24.80
=039  0\$a1729
=040  \\$aUk$cUk
=050  00$aQK861
=082  04$a581.1/9/2$218
=082  04$a581.19/2$219
=084  \\$aKF 64$2blsrissc
=084  \\$aKG 66$2blsrissc
=100  1\$aRosenthal, Gerald A.
=245  10$aPlant nonprotein amino and imino acids :$bbiological, biochemical and toxicological properties /$cGerald A. Rosenthal.
=260  \\$aNew York ;$aLondon :$bAcademic Press,$c1982.
=300  \\$ax,273p. :$bill. ;$c24cm.
=336  \\$atext$2rdacontent
=337  \\$aunmediated$2rdamedia
=338  \\$avolume$2rdacarrier
=500  \\$aBibliography: p249-263. _ Includes index.
=597  \\$aDLC$b82001651 //r83
=650  \0$aAmino acids.
=650  \0$aAmino acids$xToxicology.
=650  \0$aImino acids.
=650  \0$aBotanical chemistry.
=650  \0$aPlants$xMetabolism.
=653  \\$aPlants$aBiochemistry
=852  41$aBritish Library$bDSC$m82/24879
=852  71$aBritish Library$bSTI$cRES$k(B)$hKF 64$2blsrissc
=852  41$aBritish Library$bDSC$j82/26358
=CAT  \\$aCONV$b00$c20040425$lBLL90$h0545
=CAT  \\$aCONV$b00$c20040502$lBLL01$h1505
=CAT  \\$aglobal_upd$b40$c20060417$lBLL01$h1422
=CAT  \\$aBATCH$b00$c20091123$lBLL01$h0122
=FIN  \\$aY
=FMT  \\$a  BK
=LAS  \\$aBATCH$b00$c20091123$lBLL01$h0122
=LEO  \\$aMP5.0000561066
=LEO  \\$aMP8.0000032672
=LEO  \\$aMP25.0000207362
=SRC  \\$aBNB03$bbibmp5.200404.2.aa
=SRC  \\$aDSC01$bbibmp8.200404.2.aa
=SRC  \\$aSRI01$bbibmp25.200404.2.aa

