=LDR  04514 as a2201033ua 4500
=001  010011609
=003  Uk
=005  20160919090935.0
=007  ta
=008  871117d19752013xxuar\p\\\\\\\0\\\a0eng\\
=FMT  \\$a  SE
=019  c\$a2347816
=022  0\$a1048-9711
=040  \\$aUk$cUk$dUk
=082  0\$a025.49$220
=110  2\$aLibrary of Congress.
=210  0\$aLibr. Congr. subj. head.
=222  \0$aLibrary of Congress subject headings
=245  10$aLibrary of Congress subject headings /$cSubject Cataloging Division, Processing Department.
=246  1\$iCommonly referred to as:$aRed book
=246  30$aSubject headings
=246  13$aLCSH
=260  \\$aWashington :$bLibrary of Congress,$c1975-2013
=300  \\$av. ;$c31 cm.
=310  \\$aAnnual,$b11th ed.-
=321  \\$aIrregular,$b8th ed.-10th ed.
=336  \\$atext$2rdacontent
=337  \\$aunmediated$2rdamedia
=338  \\$avolume$2rdacarrier
=362  0\$a8th ed.-
=515  \\$aIssued in 2 v., 8th ed.-10th ed.; in 3 v., 11th ed.-15th ed.; in 4 v., 16th ed.-20th ed.; in 5 v., 21st ed.- .
=525  \\$aEighth-10th eds. updated by quarterly and annual cumulative supplements.
=595  \\$aSEE ALSO CARD INDEX.
=540  \\$aBritish Library not licensed to copy$c0$5Uk
=650  \0$aSubject headings, Library of Congress.
=776  0\$aLibrary of Congress.$tSubject headings in microform$x0361-5243
=852  11$aBritish Library$bHMNTS$cSPHOA$kHUR$h025.49$jvol. 1
=852  11$aBritish Library$bHMNTS$cSPHOA$kHUR$h025.49$iVol. iii
=852  11$aBritish Library$bHMNTS$cSPHOA$kHUR$h025.49$iVol. vi
=852  11$aBritish Library$bHMNTS$cSPHOA$kHUR$h025.49$iVol. iv
=852  11$aBritish Library$bHMNTS$cSPHOA$kHUR$h025.49$ivol. ii
=852  11$aBritish Library$bHMNTS$cSPHOA$kHUR$h025.49$iVol. v
=852  11$aBritish Library$bHMNTS$cSPHOA$kHUR$h025.49$3Latest ed. only
=852  41$aBritish Library$bHMNTS$iVol. iv
=852  41$aBritish Library$bDSC$j5198.490000$3Edition 7 (1966); ed. 12 (1989), ed. 17 (1994), ed. 33 (2011)
=945  \\$aLibrary of Congress subject headings.
=959  \\$fHeld but not currently received
=A02  \\$a2347816
=CAT  \\$aCONV$b00$c20040425$lBLL90$h0752
=CAT  \\$aCONV$b00$c20040502$lBLL01$h1345
=CAT  \\$c20041009$lBLL01$h2013
=CAT  \\$a8181$b40$c20050210$lBLL01$h0742
=CAT  \\$a8180$b40$c20050427$lBLL01$h1103
=CAT  \\$a8456$b40$c20060210$lBLL01$h1322
=CAT  \\$a8456$b40$c20060210$lBLL01$h1400
=CAT  \\$aBATCH-UPD$b40$c20101201$lBLL01$h1228
=CAT  \\$aIPL-CLA$c20101231$lBLL01$h1331
=CAT  \\$aBATCH-UPD$b00$c20110907$lBLL01$h1810
=CAT  \\$aIPL-CLA$c20110908$lBLL01$h1725
=CAT  \\$aBATCH-CLA$b00$c20121105$lBLL01$h1749
=CAT  \\$aBATCH-CLA$b00$c20121130$lBLL01$h1240
=CAT  \\$aIPL-CLA$c20121231$lBLL01$h1255
=CAT  \\$aIPL-CLA$c20130102$lBLL01$h1703
=CAT  \\$aWR13.005$c20130323$lBLL01$h1500
=CAT  \\$aBATCH-CLA$b00$c20130531$lBLL01$h1649
=CAT  \\$aIPL-CLA$c20130701$lBLL01$h0021
=CAT  \\$aBATCH-CLA$b00$c20130830$lBLL01$h1628
=CAT  \\$aIPL-CLA$c20130930$lBLL01$h1729
=CAT  \\$aBATCH-CLA$b00$c20131129$lBLL01$h1656
=CAT  \\$aIPL-CLA$c20131231$lBLL01$h2057
=CAT  \\$aBATCH-CLA$b00$c20140530$lBLL01$h1712
=CAT  \\$aIPL-CLA$c20140630$lBLL01$h1707
=CAT  \\$a7778$b40$c20160919$lBLL01$h0909
=CFI  0\$aBritish Library not licensed to copy$c0$e01-jul-2014$hC$iCFP Excluded$5Uk
=CFI  2\$aBritish Library not licensed to copy$c0$e01-jan-2014$hC$iCFP Excluded$5Uk
=FIN  \\$aY
=LEO  \\$aMP10.0000344475
=LKR  \\$aPAR$b012442652$lBLL01$r776$mLibrary of Congress subject headings$nSubject headings in microform
=SRC  \\$aDSS01$bbibmp10.200404.2.aa
=TCO  \\$aTRS$bCCC$c008
=ACF  \\$aPrevious copyright fee: GBP5.00$c0$e01-jul-2002$fGBP5.00$g0$hC$5Uk
=ACF  \\$aCurrent copyright fee: GBP4.40$c0$e01-jul-1998$fGBP4.40$g0$hA$5Uk
=ACF  \\$aCurrent copyright fee: GBP4.20$c0$e01-apr-1997$fGBP4.20$g0$hA$5Uk
=ACF  \\$aPrevious copyright fee: GBP10.50$c0$e01-jan-2011$fGBP10.50$g0$hA$5Uk
=ACF  \\$aBritish Library not licensed to copy$c0$e07-sep-2011$hC$iTX$5Uk
=ACF  \\$aBritish Library not licensed to copy$c0$e01-jan-2013$hC$iCFP Excluded$5Uk
=ACF  \\$aBritish Library not licensed to copy$c0$e01-jul-2013$hC$iCFP Excluded$5Uk
=ACF  \\$aBritish Library not licensed to copy$c0$e01-oct-2013$hC$iCFP Excluded$5Uk
=LAS  \\$a7778$b40$c20160919$lBLL01$h0909

