=LDR  05629cas a2201189ua 4500
=001  010213678
=003  Uk
=005  20230210005311.0
=008  970520d1997200uenk||\p|||\\\||\\\||eng\\
=FMT  \\$a  SE
=019  0\$as622696009
=022  0\$a1369-5983$202
=040  \\$aUk$cUk$dUk
=082  04$a658.83408655$221
=084  \\$aAL 90$2blsrissc
=210  0\$aMAPS strateg. mark. rep., DINKY mark.
=222  \0$aMAPS strategic market report. The DINKY market
=245  04$aThe DINKY market.
=246  03$aStrategic market intelligence for the professional. The DINKY market
=260  \\$aLondon :$bMarket Assessment Publications,$c1997-
=300  \\$c30cm.
=336  \\$atext$2rdacontent
=337  \\$aunmediated$2rdamedia
=338  \\$avolume$2rdacarrier
=490  0\$aMAPS strategic market report
=540  \\$aCurrent Copyright Fee: GBP25.00$c0$5Uk
=690  7\$aManagement and Business Studies$2blcoll
=710  2\$aMarket Assessment Publications.
=886  2\$2blmarc$a092$b00$a3588.522500n
=852  71$aBritish Library$bSTI$cRES$k(XP)$hAL 90$m-E(32)$2blsrissc$31997-***Earlier issues
=852  41$aBritish Library$bSTI$jHOAL90 BUSINESS$31997- SEE ALSO R(XP)AL90-E(32)***Accession number 622696009
=852  \\$aBritish Library$bSTI$cRES
=852  71$aBritish Library$bSTI$k(B)$hAL 90$mBusiness$2blsrissc$31997-***Current issue
=945  \\$aDINKY MARKET -MAPS STRATEGIC MARKET REPORT-
=957  \\$aP
=979  \\$aBritish Library$bDSC$j3588.522500N
=CAT  \\$aCONV$b00$c20040425$lBLL90$h0858
=CAT  \\$aBATCH-CLA$b00$c20110831$lBLL01$h1747
=CAT  \\$aIPL-CLA$c20110930$lBLL01$h1527
=CAT  \\$aBATCH-CLA$b00$c20111130$lBLL01$h1209
=CAT  \\$aIPL-CLA$c20111230$lBLL01$h1834
=CAT  \\$aBATCH-CLA$b00$c20120229$lBLL01$h1621
=CAT  \\$aIPL-CLA$c20120330$lBLL01$h1413
=CAT  \\$aBATCH-CLA$b00$c20120531$lBLL01$h1710
=CAT  \\$aIPL-CLA$c20120629$lBLL01$h1011
=CAT  \\$aBATCH-CLA$b00$c20120831$lBLL01$h1529
=CAT  \\$aIPL-CLA$c20120930$lBLL01$h2037
=CAT  \\$aBATCH-CLA$b00$c20121105$lBLL01$h1747
=CAT  \\$aWR13.005$c20130323$lBLL01$h1525
=CAT  \\$aBATCH-CLA$b00$c20131129$lBLL01$h1645
=CAT  \\$aIPL-CLA$c20131231$lBLL01$h2101
=CAT  \\$a7778$b40$c20140731$lBLL01$h1153
=CAT  \\$aBATCH-CLA$b00$c20161130$lBLL01$h1644
=CAT  \\$aIPL-CLA$c20161230$lBLL01$h1933
=CAT  \\$aBATCH-CLA$b00$c20171130$lBLL01$h1651
=CAT  \\$aIPL-CLA$c20171231$lBLL01$h1504
=CAT  \\$aBATCH-CLA$b00$c20191129$lBLL01$h1628
=CAT  \\$aIPL-CLA$c20191231$lBLL01$h1820
=CAT  \\$aBATCH-CLA$b00$c20201126$lBLL01$h1415
=CAT  \\$aIPL-CLA$c20201231$lBLL01$h2027
=CAT  \\$aBATCH-CLA$b00$c20221130$lBLL01$h1433
=CAT  \\$aIPL-CLA$c20221231$lBLL01$h1938
=CAT  \\$aBATCH-CLA$b00$c20230209$lBLL01$h1521
=CAT  \\$aIPL-CLA$c20230210$lBLL01$h0053
=CFI  0\$aCurrent Copyright Fee: GBP25.00$c0$e09-feb-2023$fGBP25.00$g0$hC$5Uk
=CFI  2\$aBritish Library not licensed to copy$c0$e01-jan-2023$hC$iCFP Excluded$5Uk
=FIN  \\$aY
=LEO  \\$aMP25.0000313813
=LEO  \\$aMP10.0000188401
=LEO  \\$aMP22.0000055675
=SRC  \\$aISN01$bbibmp22.200404.2.aa
=SRC  \\$aDSS01$bbibmp10.200404.2.aa
=SRC  \\$aSRI01$bbibmp25.200404.2.aa
=TCO  \\$aCLA$bCLA$c008
=ACF  \\$aPrevious Copyright Fee: GBP12.00$c0$e01-apr-2012$fGBP12.00$g0$hC$5Uk
=ACF  \\$aPrevious Copyright Fee: GBP12.00$c0$e01-jan-2012$fGBP12.00$g0$hC$5Uk
=ACF  \\$aPrevious Copyright Fee: GBP10.50$c0$e01-oct-2011$fGBP10.50$g0$hC$5Uk
=ACF  \\$aPrevious Copyright Fee: GBP10.50$c0$e01-jul-2011$fGBP10.50$g0$hC$5Uk
=ACF  \\$aPrevious Copyright Fee: GBP10.50$c0$e01-apr-2011$fGBP10.50$g0$hC$5Uk
=ACF  \\$aPrevious Copyright Fee: GBP10.50$c0$e01-jan-2011$fGBP10.50$g0$hC$5Uk
=ACF  \\$aPrevious Copyright Fee: GBP9.00$c0$e01-oct-2010$fGBP9.00$g0$hC$5Uk
=ACF  \\$aPrevious Copyright Fee: GBP9.00$c0$e01-jul-2010$fGBP9.00$g0$hC$5Uk
=ACF  \\$aPrevious Copyright Fee: GBP9.00$c0$e01-apr-2010$fGBP9.00$g0$hC$5Uk
=ACF  \\$aPrevious Copyright Fee: GBP9.00$c0$e01-Jan-2010$fGBP9.00$g0$hC$5Uk
=ACF  \\$aPrevious Copyright Fee: GBP6.00$c0$e01-oct-2009$fGBP6.00$g0$hC$5Uk
=ACF  \\$aPrevious Copyright Fee: GBP6.00$c0$e01-jul-2009$fGBP6.00$g0$hC$5Uk
=ACF  \\$aPrevious Copyright Fee: GBP6.00$c0$e01-apr-2009$fGBP6.00$g0$hC$5Uk
=ACF  \\$aPrevious Copyright Fee: GBP6.00$c0$e01-jan-2009$fGBP6.00$g0$hC$5Uk
=ACF  \\$aPrevious Copyright Fee: GBP6.00$c0$e01-oct-2008$fGBP6.00$g0$hC$5Uk
=ACF  \\$aPrevious Copyright Fee: GBP6.00$c0$e01-jul-2008$fGBP6.00$g0$hC$5Uk
=ACF  \\$aPrevious Copyright Fee: GBP6.00$c0$e01-apr-2008$fGBP6.00$g0$hC$5Uk
=ACF  \\$aPrevious Copyright Fee: GBP6.00$c0$e01-jan-2008$fGBP6.00$g0$hC$5Uk
=ACF  \\$aPrevious Copyright Fee: GBP5.00$c0$e01-oct-2007$fGBP5.00$g0$hC$5Uk
=ACF  \\$aCurrent copyright fee: GBP4.20$c0$e04-jun-1997$fGBP4.20$g0$hA$5Uk
=ACF  \\$aPrevious Copyright Fee: GBP12.00$c0$e01-jul-2012$fGBP12.00$g0$hC$5Uk
=ACF  \\$aPrevious Copyright Fee: GBP12.00$c0$e01-oct-2012$fGBP12.00$g0$hC$5Uk
=ACF  \\$aPrevious Copyright Fee: GBP12.30$c0$e01-jan-2014$fGBP12.30$g0$hC$5Uk
=ACF  \\$aPrevious Copyright Fee: GBP15.00$c0$e01-jan-2017$fGBP15.00$g0$hC$5Uk
=ACF  \\$aPrevious Copyright Fee: GBP17.50$c0$e01-jan-2018$fGBP17.50$g0$hC$5Uk
=ACF  \\$aPrevious Copyright Fee: GBP20.00$c0$e01-jan-2020$fGBP20.00$g0$hC$5Uk
=ACF  \\$aPrevious Copyright Fee: GBP22.50$c0$e01-jan-2021$fGBP22.50$g0$hC$5Uk
=LAS  \\$aIPL-CLA$b00$c20230210$lBLL01$h0053

