=LDR  05741cas a2201273 a 4500
=001  010363560
=003  Uk
=005  20230210005318.0
=007  ta
=008  771104d19771994enkmr\p\\a\\\\0\\\a0eng\\
=FMT  \\$a  SE
=015  \\$aGB7804623$2bnb
=019  y\$aB7804623
=019  9\$ab7804623
=019  c\$a2051660
=019  0\$as154351008
=022  0\$a0309-4979
=040  \\$aUk$cUk$dUk
=082  04$a016.5532$218
=084  \\$aNK 55$2blsrissc
=210  0\$aCoal abstr.
=222  \0$aCoal abstracts
=245  00$aCoal abstracts.
=260  \\$aLondon :$bIEA Coal Research, Technical Information Service,$c[1977]-
=300  \\$av. ;$c30 cm.
=310  \\$aMonthly
=336  \\$atext$2rdacontent
=337  \\$aunmediated$2rdamedia
=338  \\$avolume$2rdacarrier
=362  0\$aVol. 1, no. 1 (Aug. 1977)-
=500  \\$aCeased publication.
=595  \\$aCONTD AS 3290.055 CHANGE BETWEEN VOL. 18(12), 1994 AND 1995(2) SEE ALSO SERIAL RECORDS GEOL-C AND DOE/DT.
=540  \\$aCurrent Copyright Fee: GBP25.00$c0$5Uk
=650  \0$aCoal$vAbstracts$vPeriodicals.
=653  \\$aCoal$aAbstracts
=710  2\$aIEA Coal Research.$bTechnical Information Service.
=770  0\$tCoal calendar$x0143-6287
=785  00$tCoal highlights$x1356-7497
=886  2\$2blmarc$a029$b00$as609168002
=852  41$aBritish Library$bDSC$j3287.970000$3VOL. 1, 1977- 18, 1994 *A=17x***UKRR-Excluded-Out of Scope
=852  41$aBritish Library$bHMNTS$jBS.82/163$3[1977]- *A=1***UKRR-Excluded-Out of Scope
=852  71$aBritish Library$bSTI$k(A)$hNK 55$m-E(4)$2blsrissc$31977-1994; Vol.1-18. ; Deficient; vol.12, no.12, 1988; vol.13, 1989; vol.14, no.1-10, 12, 1990***UKRR-Excluded-Out of Scope
=852  71$aBritish Library$bSTI$2blsrissc$31977-1994; Vol.1-18. ; Deficient; vol.12, no.12, 1988; vol.13, 1989; vol.14, no.1-10, 12, 1990***UKRR-Excluded-Out of Scope
=945  \\$aCoal abstracts.
=959  \\$fHeld but not currently received
=963  \\$a1977- 1994 *A=1$bN$cOP.180.01
=A02  \\$a2051660
=CAT  \\$aCONV$b00$c20040425$lBLL90$h0543
=CAT  \\$aBATCH-CLA$b00$c20110831$lBLL01$h1737
=CAT  \\$aIPL-CLA$c20110930$lBLL01$h1527
=CAT  \\$aBATCH-CLA$b00$c20111130$lBLL01$h1205
=CAT  \\$aIPL-CLA$c20111230$lBLL01$h1835
=CAT  \\$aBATCH-CLA$b00$c20120229$lBLL01$h1624
=CAT  \\$aIPL-CLA$c20120330$lBLL01$h1413
=CAT  \\$aBATCH-CLA$b00$c20120531$lBLL01$h1703
=CAT  \\$aIPL-CLA$c20120629$lBLL01$h1011
=CAT  \\$aBATCH-CLA$b00$c20120831$lBLL01$h1535
=CAT  \\$aIPL-CLA$c20120930$lBLL01$h2038
=CAT  \\$aBATCH-CLA$b00$c20121105$lBLL01$h1747
=CAT  \\$aWR13.005$c20130322$lBLL01$h1919
=CAT  \\$aBATCH-CLA$b00$c20131129$lBLL01$h1639
=CAT  \\$aIPL-CLA$c20131231$lBLL01$h2103
=CAT  \\$aWR14_140$c20140905$lBLL01$h1741
=CAT  \\$aBATCH-CLA$b00$c20161130$lBLL01$h1639
=CAT  \\$aIPL-CLA$c20161230$lBLL01$h1934
=CAT  \\$aBATCH-CLA$b00$c20171130$lBLL01$h1702
=CAT  \\$aIPL-CLA$c20171231$lBLL01$h1505
=CAT  \\$aBATCH-CLA$b00$c20191129$lBLL01$h1615
=CAT  \\$aIPL-CLA$c20191231$lBLL01$h1821
=CAT  \\$aBATCH-CLA$b00$c20201126$lBLL01$h1410
=CAT  \\$aIPL-CLA$c20201231$lBLL01$h2029
=CAT  \\$aBATCH-CLA$b00$c20221130$lBLL01$h1426
=CAT  \\$aIPL-CLA$c20221231$lBLL01$h1940
=CAT  \\$aBATCH-CLA$b00$c20230209$lBLL01$h1513
=CAT  \\$aIPL-CLA$c20230210$lBLL01$h0053
=CFI  0\$aCurrent Copyright Fee: GBP25.00$c0$e09-feb-2023$fGBP25.00$g0$hC$5Uk
=CFI  2\$aBritish Library not licensed to copy$c0$e01-jan-2023$hC$iCFP Excluded$5Uk
=FIN  \\$aY
=LEO  \\$aMP5.0000490251
=LEO  \\$aMP10.0000151452
=LEO  \\$aMP22.0000022086
=LEO  \\$aMP25.0000055181
=SRC  \\$aBNB03$bbibmp5.200404.2.aa
=SRC  \\$aDSS01$bbibmp10.200404.2.aa
=SRC  \\$aISN01$bbibmp22.200404.2.aa
=SRC  \\$aSRI01$bbibmp25.200404.2.aa
=TCO  \\$aCLA$bCLA$c008
=ACF  \\$aPrevious Copyright Fee: GBP12.00$c0$e01-apr-2012$fGBP12.00$g0$hC$5Uk
=ACF  \\$aPrevious Copyright Fee: GBP12.00$c0$e01-jan-2012$fGBP12.00$g0$hC$5Uk
=ACF  \\$aPrevious Copyright Fee: GBP10.50$c0$e01-oct-2011$fGBP10.50$g0$hC$5Uk
=ACF  \\$aPrevious Copyright Fee: GBP10.50$c0$e01-jul-2011$fGBP10.50$g0$hC$5Uk
=ACF  \\$aPrevious Copyright Fee: GBP10.50$c0$e01-apr-2011$fGBP10.50$g0$hC$5Uk
=ACF  \\$aPrevious Copyright Fee: GBP10.50$c0$e01-jan-2011$fGBP10.50$g0$hC$5Uk
=ACF  \\$aPrevious Copyright Fee: GBP9.00$c0$e01-oct-2010$fGBP9.00$g0$hC$5Uk
=ACF  \\$aPrevious Copyright Fee: GBP9.00$c0$e01-jul-2010$fGBP9.00$g0$hC$5Uk
=ACF  \\$aPrevious Copyright Fee: GBP9.00$c0$e01-apr-2010$fGBP9.00$g0$hC$5Uk
=ACF  \\$aPrevious Copyright Fee: GBP9.00$c0$e01-Jan-2010$fGBP9.00$g0$hC$5Uk
=ACF  \\$aPrevious Copyright Fee: GBP6.00$c0$e01-oct-2009$fGBP6.00$g0$hC$5Uk
=ACF  \\$aPrevious copyright fee: GBP5.00$c0$e01-jul-2002$fGBP5.00$g0$hC$5Uk
=ACF  \\$aCurrent copyright fee: GBP2.50$c0$e01-jul-1998$fGBP2.50$g0$hC$5Uk
=ACF  \\$aCurrent copyright fee: GBP2.30$c0$e01-apr-1997$fGBP2.30$g0$hC$5Uk
=ACF  \\$aPrevious Copyright Fee: GBP12.00$c0$e01-jul-2012$fGBP12.00$g0$hC$5Uk
=ACF  \\$aPrevious Copyright Fee: GBP12.00$c0$e01-oct-2012$fGBP12.00$g0$hC$5Uk
=ACF  \\$aPrevious Copyright Fee: GBP12.30$c0$e01-jan-2014$fGBP12.30$g0$hC$5Uk
=ACF  \\$aPrevious Copyright Fee: GBP15.00$c0$e01-jan-2017$fGBP15.00$g0$hC$5Uk
=ACF  \\$aPrevious Copyright Fee: GBP17.50$c0$e01-jan-2018$fGBP17.50$g0$hC$5Uk
=ACF  \\$aPrevious Copyright Fee: GBP20.00$c0$e01-jan-2020$fGBP20.00$g0$hC$5Uk
=ACF  \\$aPrevious Copyright Fee: GBP22.50$c0$e01-jan-2021$fGBP22.50$g0$hC$5Uk
=LAS  \\$aIPL-CLA$b00$c20230210$lBLL01$h0053

