=LDR  07428cas a2201597 a 4500
=001  010499386
=003  Uk
=005  20230210005358.0
=007  ta
=008  040410c18649999enkar\p\\\\\\\0\\\a0eng\\
=FMT  \\$a  SE
=019  c\$a2159815
=019  2\$aiolv06936
=019  x\$a2533920185
=019  4\$am800090683
=019  s\$aoagh13795
=019  0\$as067092004
=019  n\$aNLC0029604
=022  0\$a0081-4601$y0881-4601$202
=040  \\$aUk$cUk$dUk
=042  \\$aissnuk
=052  7\$a912.0$2ddc
=082  04$a909.83$221
=084  \\$aAA 31$2blsrissc
=130  4\$aThe statesman's year-book (London, England : 1864)
=210  0\$aStatesman's year-b.
=222  \0$aStatesman's year-book
=245  14$aThe statesman's year-book.
=246  1\$iVols. for 1998/99- have title:$aStatesman's yearbook
=260  \\$aLondon :$bMacmillan,$c1864-
=260  3\$aLondon :$bPalgrave Macmillan
=300  \\$av. :$bmaps (part fold., part col.) ;$c19 cm.
=310  \\$aAnnual
=336  \\$atext$2rdacontent
=337  \\$aunmediated$2rdamedia
=338  \\$avolume$2rdacarrier
=362  0\$a1864-
=595  \\$aLatest DSC edition shelved in DSC Reading Room Q320 Quick Ref superseded DSC edition shelved in Official Publications ID; see also serial stores for earlier editions.
=540  \\$aCurrent Copyright Fee: GBP29.95$c0$5Uk
=650  \0$aPolitical science$vPeriodicals.
=651  \7$aWorld.$v[Literature]$y1864-.$2blmlsh
=776  1\$tStatesman's yearbook online$x2524-812X
=787  0\$tStatesman's year-book world gazetteer$x0268-5205
=852  41$aBritish Library$bHMNTS$jP.P.3892.$31864-
=852  41$aBritish Library$bMAPS$jMaps Ref. A.1.(6).$3Current edition
=852  71$aBritish Library$bSTI$k(B)$hAA 31$mEnquiry Desk Science 2$2blsrissc$3Current issue only
=852  41$aBritish Library$bHMNTS$jZC.9.a.9082$32013-***Earlier issues
=852  11$aBritish Library$bSTI$cBIPC$k(B) DIR$h909.83$mBusiness Enquiry desk
=852  41$aBritish Library$bHMNTS$cSPHOA$kNRR$h909.83$3Current issue
=852  41$aBritish Library$bDSC$j8442.500000$3Vol. 1 (1864)-Ed. 2009 (2008)***UKRR Retained Title***Stock Incomplete
=852  11$aBritish Library$bHMNTS$cSPHOA$kHLQ$h909.828
=852  11$aBritish Library$bHMNTS$cSPHOA$kOPL ENQUIRY DESK$h900.3$3Current edition
=852  41$aBritish Library$bOC$jST 1256$329-31 (1892-1894); 48-50 (1911-1913); 88 (1951); 92 (1955); 95-96 (1958-1959); 99-134 (1962-1997/1998)
=852  11$aBritish Library$bHMNTS$kOPQ$h900.3$3Current issue
=945  \\$aSTATESMANS YEARBOOK.
=959  \\$fCurrently received
=985  \\$aRecord merged by DQ team
=985  \\$aISSN responsibility taken by ISSN UK from US ISSN Centre, 17.08.2011
=CAT  \\$aCONV$b00$c20040425$lBLL90$h0711
=CAT  \\$aBATCH-UPD$b40$c20110714$lBLL01$h1445
=CAT  \\$a11313$b40$c20110817$lBLL01$h0813
=CAT  \\$aWR11_203$c20111204$lBLL01$h1413
=CAT  \\$aIPL-CLA$c20111230$lBLL01$h1850
=CAT  \\$a8201$b40$c20120710$lBLL01$h1420
=CAT  \\$aBATCH-CLA$b00$c20121105$lBLL01$h1740
=CAT  \\$aWR13.005$c20130322$lBLL01$h2015
=CAT  \\$aBATCH-CLA$b00$c20131129$lBLL01$h1636
=CAT  \\$aIPL-CLA$c20131231$lBLL01$h2128
=CAT  \\$aNPL-LOCK$b77$c20140207$lBLL01$h2150
=CAT  \\$aNSB-MIG$c20140215$lBLL01$h0217
=CAT  \\$aNSB-MIG$c20140215$lBLL01$h0223
=CAT  \\$aBATCH-CLA$b00$c20161130$lBLL01$h1640
=CAT  \\$aIPL-CLA$c20161230$lBLL01$h1946
=CAT  \\$aBATCH-CLA$b00$c20171130$lBLL01$h1657
=CAT  \\$aIPL-CLA$c20171231$lBLL01$h1517
=CAT  \\$a10806$b40$c20181001$lBLL01$h1134
=CAT  \\$aBATCH-CLA$b00$c20210227$lBLL01$h1014
=CAT  \\$aIPL-CLA$c20210331$lBLL01$h1837
=CAT  \\$aBATCH-CLA$b00$c20220601$lBLL01$h1543
=CAT  \\$aIPL-CLA$c20220630$lBLL01$h1702
=CAT  \\$aBATCH-CLA$b00$c20221130$lBLL01$h1453
=CAT  \\$aIPL-CLA$c20221231$lBLL01$h1949
=CAT  \\$aBATCH-CLA$b00$c20230209$lBLL01$h1539
=CAT  \\$aIPL-CLA$c20230210$lBLL01$h0053
=CFI  0\$aCurrent Copyright Fee: GBP29.95$c0$e09-feb-2023$fGBP29.95$g0$hC$5Uk
=CFI  2\$aBritish Library not licensed to copy$c0$e01-jan-2023$hC$iCFP Excluded$5Uk
=FIN  \\$aY
=LEO  \\$aMP35.0000129168
=LEO  \\$aMP10.0000549674
=LEO  \\$aMP13.0000565277
=LEO  \\$aMP1.0003038863
=LEO  \\$aMP22.0000003091
=LEO  \\$aMP17.0000205415
=LEO  \\$aMP37.0000028972
=LEO  \\$aMP37.0000028972.1
=LEO  \\$aMP25.0000006854
=LKR  \\$aPAR$b009918548$lBLL01$r776$mStatesman's year-book$nSYBWorld the essential global reference.
=SRC  \\$aNPLv17$bbibmp35.20070831.aa
=SRC  \\$aSRI01$bbibmp25.200404.2.aa
=SRC  \\$aSPH01$bbibmp37b.200404.2.aa
=SRC  \\$aMAP01$bbibmp17.200404.2.aa
=SRC  \\$aISN01$bbibmp22.200404.2.aa
=SRC  \\$aBLS01$bbibmp1.200404.2.ad
=SRC  \\$aHSS01$bbibmp13.200404.2.ab
=SRC  \\$aDSS01$bbibmp10.200404.2.aa
=TCO  \\$aCLA$bCLA$c008
=ACF  \\$aPrevious Copyright Fee: GBP8.79$c0$e01-jul-2009$fGBP8.79$g0$hC$5Uk
=ACF  \\$aPrevious Copyright Fee: GBP8.79$c0$e01-apr-2009$fGBP8.79$g0$hC$5Uk
=ACF  \\$aPrevious Copyright Fee: GBP7.69$c0$e01-jan-2009$fGBP7.69$g0$hC$5Uk
=ACF  \\$aPrevious Copyright Fee: GBP6.15$c0$e01-oct-2008$fGBP6.15$g0$hC$5Uk
=ACF  \\$aPrevious Copyright Fee: GBP6.15$c0$e01-jul-2008$fGBP6.15$g0$hC$5Uk
=ACF  \\$aPrevious Copyright Fee: GBP0.80$c0$e01-apr-2008$fGBP0.80$g0$hC$5Uk
=ACF  \\$aPrevious Copyright Fee: GBP0.80$c0$e01-jan-2008$fGBP0.80$g0$hC$5Uk
=ACF  \\$aPrevious Copyright Fee: GBP0.80$c0$e01-oct-2007$fGBP0.80$g0$hC$5Uk
=ACF  \\$aPrevious Copyright Fee: GBP0.80$c0$e01-jul-2007$fGBP0.80$g0$hC$5Uk
=ACF  \\$aPrevious Copyright Fee: GBP0.82$c0$e01-apr-2007$fGBP0.82$g0$hC$5Uk
=ACF  \\$aPrevious Copyright Fee: GBP0.86$c0$e01-jan-2007$fGBP0.86$g0$hC$5Uk
=ACF  \\$aPrevious Copyright Fee: GBP0.86$c0$e01-oct-2006$fGBP0.86$g0$hC$5Uk
=ACF  \\$aPrevious Copyright Fee: GBP0.91$c0$e01-jul-2006$fGBP0.91$g0$hC$5Uk
=ACF  \\$aPrevious Copyright Fee: GBP0.91$c0$e01-apr-2006$fGBP0.91$g0$hC$5Uk
=ACF  \\$aPrevious Copyright Fee: GBP0.89$c0$e01-jan-2006$fGBP0.89$g0$hC$5Uk
=ACF  \\$aPrevious Copyright Fee: GBP0.86$c0$e01-oct-2005$fGBP0.86$g0$hC$5Uk
=ACF  \\$aPrevious Copyright Fee: GBP0.86$c0$e01-jul-2005$fGBP0.86$g0$hC$5Uk
=ACF  \\$aPrevious Copyright Fee: GBP0.86$c0$e01-apr-2005$fGBP0.86$g0$hC$5Uk
=ACF  \\$aPrevious Copyright Fee: GBP0.89$c0$e01-jan-2005$fGBP0.89$g0$hC$5Uk
=ACF  \\$aPrevious copyright fee: GBP5.00$c0$e01-jul-2002$fGBP5.00$g0$hA$5Uk
=ACF  \\$aCurrent copyright fee: GBP2.50$c0$e01-jul-1998$fGBP2.50$g0$hC$5Uk
=ACF  \\$aCurrent copyright fee: GBP2.30$c0$e01-apr-1997$fGBP2.30$g0$hC$5Uk
=ACF  \\$aPrevious copyright fee: GBP10.50$c0$e01-jan-2011$fGBP10.50$g0$hA$5Uk
=ACF  \\$aPrevious copyright fee: GBP12.00$c0$e01-jan-2012$fGBP12.00$g0$hA$5Uk
=ACF  \\$aPrevious Copyright Fee: GBP12.30$c0$e01-jan-2014$fGBP12.30$g0$hC$5Uk
=ACF  \\$aPrevious Copyright Fee: GBP15.00$c0$e01-jan-2017$fGBP15.00$g0$hC$5Uk
=ACF  \\$aPrevious Copyright Fee: GBP17.50$c0$e01-jan-2018$fGBP17.50$g0$hC$5Uk
=ACF  \\$aPrevious Copyright Fee: GBP22.50$c0$e01-apr-2021$fGBP22.50$g0$hC$5Uk
=ACF  \\$aPrevious Copyright Fee: GBP29.95$c0$e01-jul-2022$fGBP29.95$g0$hC$5Uk
=LAS  \\$aIPL-CLA$b00$c20230210$lBLL01$h0053

