=LDR  06119cas a2201261 a 4500
=001  010820294
=003  Uk
=005  20230210005500.0
=007  ta
=008  960910c19929999enkar\\\\r\\\\0\\\a0eng\\
=FMT  \\$a  SE
=019  c\$a2459699
=022  0\$a0966-3371$202
=040  \\$aUk$beng$cUk$dUk
=042  \\$aukblsr$aissnuk
=082  04$a791.402941$222
=210  0\$aKnowledge$b(Tonbr., Print)
=222  \0$aKnowledge$b(Tonbridge. Print)
=245  04$aThe Knowledge.
=260  \\$aTonbridge :$bBenn Business Information Services,$c1992-
=260  3\$aTeddington :$bHollis Publishing
=300  \\$av. :$bcol. ill. ;$c29 cm.
=310  \\$aAnnual
=336  \\$atext$2rdacontent
=337  \\$aunmediated$2rdamedia
=338  \\$avolume$2rdacarrier
=362  1\$aBegan in 1992.
=500  \\$aLatest issue consulted: Ed. 22 (2007).
=595  \\$aFORMERLY 5100.431 UP TO 1991 LATEST DSC EDITION SHELVED IN DSC READING ROOM AT Q001.0421 SEE ALSO CARD INDEX.
=540  \\$aCurrent Copyright Fee: GBP25.00$c0$5Uk
=650  \0$aMotion picture industry$zGreat Britain$vDirectories.
=650  \0$aTelevision supplies industry$zGreat Britain$vDirectories.
=650  \0$aTelevision broadcasting$zGreat Britain$vDirectories.
=650  \0$aVideo recordings industry$zGreat Britain$vDirectories.
=770  0\$tKnowledge. Update (Tonbridge)$x1364-8632
=770  0\$tKnowledge. British showcase (Tonbridge)$x1465-3575
=776  0\$tKnowledge (Tonbridge. CD-ROM)$x1365-6988
=852  11$aBritish Library$bSTI$cBIPC$k(B) DIR$h791.402941$mBusiness$31986-ed. 29 (2014)***Current issue
=852  71$aBritish Library$bSTI$cRES$k(XP) AA 663$m-E(23)$3Earlier issues
=852  41$aBritish Library$bDSC$j5100.429800$31992-2009
=945  \\$aKNOWLEDGE -LONDON- BENN BUSINESS INFORMATION SERVICES LIMITED THEN MILLER FREEMAN-.
=959  \\$fHeld but not currently received
=CAT  \\$aCONV$b00$c20040425$lBLL90$h0849
=CAT  \\$aIPL-CLA$c20110630$lBLL01$h1530
=CAT  \\$aBATCH-CLA$b00$c20110831$lBLL01$h1738
=CAT  \\$aIPL-CLA$c20110930$lBLL01$h1531
=CAT  \\$aBATCH-CLA$b00$c20111130$lBLL01$h1158
=CAT  \\$aIPL-CLA$c20111230$lBLL01$h1859
=CAT  \\$aBATCH-CLA$b00$c20120229$lBLL01$h1606
=CAT  \\$aIPL-CLA$c20120330$lBLL01$h1418
=CAT  \\$aBATCH-CLA$b00$c20120531$lBLL01$h1706
=CAT  \\$aIPL-CLA$c20120629$lBLL01$h1016
=CAT  \\$aBATCH-CLA$b00$c20120831$lBLL01$h1541
=CAT  \\$aIPL-CLA$c20120930$lBLL01$h2048
=CAT  \\$aBATCH-CLA$b00$c20121107$lBLL01$h1916
=CAT  \\$aWR13.005$c20130323$lBLL01$h1313
=CAT  \\$aBATCH-CLA$b00$c20131129$lBLL01$h1642
=CAT  \\$aIPL-CLA$c20131231$lBLL01$h2143
=CAT  \\$aBATCH-CLA$b00$c20161130$lBLL01$h1640
=CAT  \\$aIPL-CLA$c20161230$lBLL01$h1954
=CAT  \\$aBATCH-CLA$b00$c20171130$lBLL01$h1710
=CAT  \\$aIPL-CLA$c20171231$lBLL01$h1525
=CAT  \\$aBATCH-CLA$b00$c20191129$lBLL01$h1619
=CAT  \\$aIPL-CLA$c20191231$lBLL01$h1836
=CAT  \\$aBATCH-CLA$b00$c20201126$lBLL01$h1404
=CAT  \\$aIPL-CLA$c20201231$lBLL01$h2048
=CAT  \\$aBATCH-CLA$b00$c20221130$lBLL01$h1435
=CAT  \\$aIPL-CLA$c20221231$lBLL01$h1956
=CAT  \\$aBATCH-CLA$b00$c20230209$lBLL01$h1522
=CAT  \\$aIPL-CLA$c20230210$lBLL01$h0055
=CFI  0\$aCurrent Copyright Fee: GBP25.00$c0$e09-feb-2023$fGBP25.00$g0$hC$5Uk
=CFI  2\$aBritish Library not licensed to copy$c0$e01-jan-2023$hC$iCFP Excluded$5Uk
=FIN  \\$aY
=LEO  \\$aMP10.0000332856
=LEO  \\$aMP22.0000037957
=SRC  \\$aDSS01$bbibmp10.200404.2.aa
=SRC  \\$aISN01$bbibmp22.200404.2.aa
=TCO  \\$aCLA$bCLA$c008
=ACF  \\$aPrevious Copyright Fee: GBP12.00$c0$e01-apr-2012$fGBP12.00$g0$hC$5Uk
=ACF  \\$aPrevious Copyright Fee: GBP12.00$c0$e01-jan-2012$fGBP12.00$g0$hC$5Uk
=ACF  \\$aPrevious Copyright Fee: GBP10.50$c0$e01-oct-2011$fGBP10.50$g0$hC$5Uk
=ACF  \\$aPrevious Copyright Fee: GBP10.50$c0$e01-jul-2011$fGBP10.50$g0$hC$5Uk
=ACF  \\$aPrevious Copyright Fee: GBP10.50$c0$e01-apr-2011$fGBP10.50$g0$hC$5Uk
=ACF  \\$aPrevious Copyright Fee: GBP10.50$c0$e01-jan-2011$fGBP10.50$g0$hC$5Uk
=ACF  \\$aPrevious Copyright Fee: GBP9.00$c0$e01-oct-2010$fGBP9.00$g0$hC$5Uk
=ACF  \\$aPrevious Copyright Fee: GBP9.00$c0$e01-jul-2010$fGBP9.00$g0$hC$5Uk
=ACF  \\$aPrevious Copyright Fee: GBP9.00$c0$e01-apr-2010$fGBP9.00$g0$hC$5Uk
=ACF  \\$aPrevious Copyright Fee: GBP9.00$c0$e01-Jan-2010$fGBP9.00$g0$hC$5Uk
=ACF  \\$aPrevious Copyright Fee: GBP6.00$c0$e01-oct-2009$fGBP6.00$g0$hC$5Uk
=ACF  \\$aPrevious Copyright Fee: GBP6.00$c0$e01-jul-2009$fGBP6.00$g0$hC$5Uk
=ACF  \\$aPrevious Copyright Fee: GBP6.00$c0$e01-apr-2009$fGBP6.00$g0$hC$5Uk
=ACF  \\$aPrevious Copyright Fee: GBP6.00$c0$e01-jan-2009$fGBP6.00$g0$hC$5Uk
=ACF  \\$aPrevious Copyright Fee: GBP6.00$c0$e01-oct-2008$fGBP6.00$g0$hC$5Uk
=ACF  \\$aPrevious Copyright Fee: GBP6.00$c0$e01-jul-2008$fGBP6.00$g0$hC$5Uk
=ACF  \\$aPrevious Copyright Fee: GBP6.00$c0$e01-apr-2008$fGBP6.00$g0$hC$5Uk
=ACF  \\$aPrevious Copyright Fee: GBP6.00$c0$e01-jan-2008$fGBP6.00$g0$hC$5Uk
=ACF  \\$aPrevious Copyright Fee: GBP5.00$c0$e01-oct-2007$fGBP5.00$g0$hC$5Uk
=ACF  \\$aPrevious copyright fee: GBP5.00$c0$e01-jul-2002$fGBP5.00$g0$hC$5Uk
=ACF  \\$aCurrent copyright fee: GBP2.50$c0$e01-jul-1998$fG4BP2.50$g0$hC$5Uk
=ACF  \\$aCurrent copyright fee: GBP2.30$c0$e01-apr-1997$fGBP2.30$g0$hC$5Uk
=ACF  \\$aPrevious Copyright Fee: GBP12.00$c0$e01-jul-2012$fGBP12.00$g0$hC$5Uk
=ACF  \\$aPrevious Copyright Fee: GBP12.00$c0$e01-oct-2012$fGBP12.00$g0$hC$5Uk
=ACF  \\$aPrevious Copyright Fee: GBP12.30$c0$e01-jan-2014$fGBP12.30$g0$hC$5Uk
=ACF  \\$aPrevious Copyright Fee: GBP15.00$c0$e01-jan-2017$fGBP15.00$g0$hC$5Uk
=ACF  \\$aPrevious Copyright Fee: GBP17.50$c0$e01-jan-2018$fGBP17.50$g0$hC$5Uk
=ACF  \\$aPrevious Copyright Fee: GBP20.00$c0$e01-jan-2020$fGBP20.00$g0$hC$5Uk
=ACF  \\$aPrevious Copyright Fee: GBP22.50$c0$e01-jan-2021$fGBP22.50$g0$hC$5Uk
=LAS  \\$aIPL-CLA$b00$c20230210$lBLL01$h0055

