=LDR  03075 am a2200805 a 4500
=001  011080967
=003  Uk
=005  20090703155722.0
=008  000928s1998\\\\is\abc\\\b\\\\011\0|eng\|
=FMT  \\$a  BK
=019  a\$aG07214042
=019  2\$abld00B8260
=020  \\$a9653910078
=020  \\$a9789653910072
=040  \\$aDLC$cDLC$dUk
=043  \\$aa-is---
=050  00$aN8214.5.I75$bR43 1998
=082  00$a704.9/48$221
=084  \\$a20.21$2bcl
=245  04$aThe real and ideal Jerusalem in Jewish, Christian, and Islamic art :$bstudies in honor of Bezalel Narkiss on the occasion of his seventieth birthday /$cedited by Bianca Kühnel.
=260  \\$aJerusalem :$bCenter for Jewish Art, Hebrew University of Jerusalem,$cc1998.
=300  \\$axxxviii, 689 p. :$bill. (some col.), maps (some col.), 1 col. port. ;$c29 cm.
=336  \\$atext$2rdacontent
=337  \\$aunmediated$2rdamedia
=338  \\$avolume$2rdacarrier
=490  1\$aJewish art
=490  0\$aJournal Of the Center for Jewish Art ;$v23/24
=504  \\$aIncludes bibliographical references (p. 665-678) and index.
=540  \\$aBritish Library not licensed to copy$c0$5Uk
=650  \0$aJerusalem in Christianity.
=650  \0$aJerusalem in Islam.
=650  \0$aJerusalem in Judaism.
=650  \0$aJewish art and symbolism
=650  \0$aChristian art and symbolism.
=650  \0$aIslamic art and symbolism.
=651  \0$aJerusalem$vIn art.
=700  1\$aNarkiss, Bezalel.
=700  1\$aKühnel, Bianca.
=710  2\$aUniversiṭah ha-ʿIvrit bi-Yerushalayim.$bMerkaz le-omanut Yehudit.
=830  \0$aJewish art (UniversiỲtah ha-ÌIvrit bi-Yerushalayim. Merkaz le-omanut Yehudit) ;$vv. 23/24.
=886  2\$2blmarc$a010$b00$a00420631
=852  41$aBritish Library$bOC$jHP.379.
=852  41$aBritish Library$bOC$cSPHOA$kOIC.$h704.948
=852  41$aBritish Library$bDSC$i4668.351250
=945  \\$aJewish Art ; vol 23/24
=957  \\$r13/09/1999
=957  \\$a990915p
=AQN  \\$aE56 On Kardex
=CAT  \\$aCONV$b00$c20040425$lBLL90$h0652
=CAT  \\$aCONV$b00$c20040502$lBLL01$h1422
=CAT  \\$aglobal_upd$b40$c20060417$lBLL01$h1202
=CAT  \\$a11837$b40$c20090703$lBLL01$h1537
=CAT  \\$a11837$b40$c20090703$lBLL01$h1542
=CAT  \\$a11837$b40$c20090703$lBLL01$h1555
=CAT  \\$aCopy at shelfmark OIC.704.948 is a donation from Center of Jewish Art, Jerusalem.
=CAT  \\$a11837$b40$c20090703$lBLL01$h1557
=CAT  \\$aBATCH$b00$c20091210$lBLL01$h0418
=CAT  \\$aBATCH$b00$c20091214$lBLL01$h0616
=CAT  \\$aBATCH-CLA$b00$c20120928$lBLL01$h1833
=CAT  \\$aBATCH-CLA$b00$c20120930$lBLL01$h1041
=CAT  \\$aBATCH-CLA$b00$c20130508$lBLL01$h0726
=CFI  0\$aBritish Library not licensed to copy$c0$e07-sep-2011$hC$iTX$5Uk
=FIN  \\$aY$d20090703
=LEO  \\$aMP8.0001718125
=LEO  \\$aMP13.0000036010
=SRC  \\$aMOP02$bbibm2.200404.2.aa
=SRC  \\$aDSC01$bbibmp8.200404.2.ac
=SRC  \\$aHSS01$bbibmp13.200404.2.aa
=TCO  \\$aTRS$bCCC$c008
=LAS  \\$aBATCH-CLA$b00$c20130508$lBLL01$h0726

