=LDR  07714cas a2201537 a 4500
=001  008205476
=003  Uk
=005  20211231153609.0
=007  ta
=008  820302c19189999xxubr\p\\\\\\\0\\\a0eng\\
=FMT  \\$a  SE
=019  c\$a2071897
=022  \\$a0015-6914
=040  \\$aUk$cUk$dUk
=082  04$a332.6$221
=084  \\$aAL 46$2blsrissc
=222  \0$aForbes
=245  00$aForbes.
=260  \\$aNew York :$bForbes Inc.
=300  \\$av. :$bill. ;$c27-35 cm.
=310  \\$aBimonthly
=321  \\$aFortnightly
=336  \\$atext$2rdacontent
=337  \\$aunmediated$2rdamedia
=338  \\$avolume$2rdacarrier
=362  0\$a[Vol. 2, no. 1] (Apr. 20. 1918)-
=540  \\$aCurrent Copyright Fee: GBP3.65$c0$5Uk
=650  \0$aBusiness$vPeriodicals.
=690  7\$aManagement and Business Studies$2blcoll
=710  2\$aForbes Inc.
=780  00$tForbes magazine
=775  08$iChinese version:$tForbes zi ben jia$x1027-2925
=852  41$aBritish Library$bDSC$j3985.525000$3Vol. 97, no. 1 (1966)-***UKRR Retained Title***Stock Incomplete
=852  71$aBritish Library$bSTI$cBIPC$k(P)$hAL 46$m-E(5) Business$2blsrissc$3Last 2 years
=852  41$aBritish Library$bSTI$cBIPC
=852  71$aBritish Library$bSTI$cRES$k(P)$hAL 46$m-E(5)$3Earlier issues
=945  \\$aForbes
=959  \\$fCurrently received
=A02  \\$a2071897
=CAT  \\$aCONV$b00$c20040425$lBLL90$h0852
=CAT  \\$aIPL-CLA$c20170331$lBLL01$h1829
=CAT  \\$aBATCH-CLA$b00$c20170831$lBLL01$h1625
=CAT  \\$aIPL-CLA$c20170929$lBLL01$h1711
=CAT  \\$aBATCH-CLA$b00$c20171130$lBLL01$h1702
=CAT  \\$aIPL-CLA$c20171231$lBLL01$h1401
=CAT  \\$aBATCH-CLA$b00$c20180228$lBLL01$h1639
=CAT  \\$aIPL-CLA$c20180331$lBLL01$h1559
=CAT  \\$aBATCH-CLA$b00$c20180831$lBLL01$h1629
=CAT  \\$aIPL-CLA$c20180930$lBLL01$h1452
=CAT  \\$aBATCH-CLA$b00$c20190909$lBLL01$h1718
=CAT  \\$aIPL-CLA$c20190930$lBLL01$h1628
=CAT  \\$aBATCH-CLA$b00$c20200228$lBLL01$h1635
=CAT  \\$aIPL-CLA$c20200331$lBLL01$h1604
=CAT  \\$aBATCH-CLA$b00$c20200529$lBLL01$h1531
=CAT  \\$aIPL-CLA$c20200701$lBLL01$h0045
=CAT  \\$aBATCH-CLA$b00$c20210227$lBLL01$h1014
=CAT  \\$aIPL-CLA$c20210331$lBLL01$h1655
=CAT  \\$aBATCH-CLA$b00$c20210528$lBLL01$h1527
=CAT  \\$aIPL-CLA$c20210704$lBLL01$h1014
=CAT  \\$aBATCH-CLA$b00$c20210917$lBLL01$h1605
=CAT  \\$aIPL-CLA$c20210930$lBLL01$h1525
=CAT  \\$a8323$b40$c20211019$lBLL01$h1714
=CAT  \\$a8323$b40$c20211019$lBLL01$h1715
=CAT  \\$aBATCH-CLA$b00$c20211203$lBLL01$h0818
=CAT  \\$aIPL-CLA$c20211231$lBLL01$h1536
=CFI  0\$aCurrent Copyright Fee: GBP3.65$c0$e01-jan-2022$fGBP3.65$g0$hC$5Uk
=CFI  2\$aPrevious Copyright Fee: GBP3.55$c0$e01-oct-2021$fGBP3.55$g0$hC$5Uk
=FIN  \\$aY
=LEO  \\$aMP10.0000235453
=LEO  \\$aMP25.0000068945
=SRC  \\$aDSS01$bbibmp10.200404.2.aa
=SRC  \\$aSRI01$bbibmp25.200404.2.aa
=TCO  \\$aTRS$bCCC$c008
=TOC  \\$aETOC
=ACF  \\$aPrevious Copyright Fee: GBP1.94$c0$e01-apr-2012$fGBP1.94$g0$hC$5Uk
=ACF  \\$aPrevious Copyright Fee: GBP1.80$c0$e01-jan-2012$fGBP1.80$g0$hC$5Uk
=ACF  \\$aPrevious Copyright Fee: GBP1.80$c0$e01-oct-2011$fGBP1.80$g0$hC$5Uk
=ACF  \\$aPrevious Copyright Fee: GBP1.80$c0$e01-jul-2011$fGBP1.80$g0$hC$5Uk
=ACF  \\$aPrevious Copyright Fee: GBP1.80$c0$e01-apr-2011$fGBP1.80$g0$hC$5Uk
=ACF  \\$aPrevious Copyright Fee: GBP1.35$c0$e01-jan-2011$fGBP1.35$g0$hC$5Uk
=ACF  \\$aPrevious Copyright Fee: GBP1.35$c0$e01-oct-2010$fGBP1.35$g0$hC$5Uk
=ACF  \\$aPrevious Copyright Fee: GBP1.35$c0$e01-jul-2010$fGBP1.35$g0$hC$5Uk
=ACF  \\$aPrevious Copyright Fee: GBP1.35$c0$e01-apr-2010$fGBP1.35$g0$hC$5Uk
=ACF  \\$aBritish Library not licensed to copy$c0$e01-Jan-2010$hC$iCLA Excluded$5Uk
=ACF  \\$aPrevious Copyright Fee: GBP1.35$c0$e01-oct-2009$fGBP1.35$g0$hC$5Uk
=ACF  \\$aPrevious Copyright Fee: GBP1.61$c0$e01-jul-2009$fGBP1.61$g0$hC$5Uk
=ACF  \\$aPrevious Copyright Fee: GBP1.61$c0$e01-apr-2009$fGBP1.61$g0$hC$5Uk
=ACF  \\$aPrevious Copyright Fee: GBP1.41$c0$e01-jan-2009$fGBP1.41$g0$hC$5Uk
=ACF  \\$aPrevious Copyright Fee: GBP1.13$c0$e01-oct-2008$fGBP1.13$g0$hC$5Uk
=ACF  \\$aPrevious Copyright Fee: GBP0.75$c0$e01-jul-2008$fGBP0.75$g0$hC$5Uk
=ACF  \\$aPrevious Copyright Fee: GBP0.75$c0$e01-apr-2008$fGBP0.75$g0$hC$5Uk
=ACF  \\$aPrevious Copyright Fee: GBP0.75$c0$e01-jan-2008$fGBP0.75$g0$hC$5Uk
=ACF  \\$aPrevious Copyright Fee: GBP0.75$c0$e01-oct-2007$fGBP0.75$g0$hC$5Uk
=ACF  \\$aPrevious Copyright Fee: GBP0.75$c0$e01-jul-2007$fGBP0.75$g0$hC$5Uk
=ACF  \\$aPrevious Copyright Fee: GBP0.77$c0$e01-apr-2007$fGBP0.77$g0$hC$5Uk
=ACF  \\$aPrevious Copyright Fee: GBP0.81$c0$e01-jan-2007$fGBP0.81$g0$hC$5Uk
=ACF  \\$aPrevious Copyright Fee: GBP0.81$c0$e01-oct-2006$fGBP0.81$g0$hC$5Uk
=ACF  \\$aPrevious Copyright Fee: GBP0.86$c0$e01-jul-2006$fGBP0.86$g0$hC$5Uk
=ACF  \\$aPrevious Copyright Fee: GBP0.86$c0$e01-apr-2006$fGBP0.86$g0$hC$5Uk
=ACF  \\$aPrevious Copyright Fee: GBP0.83$c0$e01-jan-2006$fGBP0.83$g0$hC$5Uk
=ACF  \\$aPrevious Copyright Fee: GBP0.81$c0$e01-oct-2005$fGBP0.81$g0$hC$5Uk
=ACF  \\$aPrevious Copyright Fee: GBP0.81$c0$e01-jul-2005$fGBP0.81$g0$hC$5Uk
=ACF  \\$aPrevious Copyright Fee: GBP0.81$c0$e01-apr-2005$fGBP0.81$g0$hC$5Uk
=ACF  \\$aPrevious Copyright Fee: GBP0.83$c0$e01-jan-2005$fGBP0.83$g0$hC$5Uk
=ACF  \\$aPrevious Copyright Fee: GBP0.81$c0$e01-oct-2004$fGBP0.81$g0$hC$5Uk
=ACF  \\$aPrevious copyright fee: GBP0.81$c0$e01-apr-2004$fGBP0.81$g0$hC$5Uk
=ACF  \\$aCurrent copyright fee: GBP0.88$c0$e01-jan-2004$fGBP0.88$g0$hC$5Uk
=ACF  \\$aCurrent copyright fee: GBP0.94$c0$e01-jan-2003$fGBP0.94$g0$hC$5Uk
=ACF  \\$aPrevious Copyright Fee: GBP1.82$c0$e01-jul-2012$fGBP1.82$g0$hC$5Uk
=ACF  \\$aPrevious Copyright Fee: GBP2.58$c0$e01-oct-2012$fGBP2.58$g0$hC$5Uk
=ACF  \\$aPrevious Copyright Fee: GBP2.50$c0$e01-jan-2013$fGBP2.50$g0$hC$5Uk
=ACF  \\$aPrevious Copyright Fee: GBP2.58$c0$e01-jul-2013$fGBP2.58$g0$hC$5Uk
=ACF  \\$aPrevious Copyright Fee: GBP2.40$c0$e01-oct-2013$fGBP2.40$g0$hC$5Uk
=ACF  \\$aPrevious Copyright Fee: GBP2.50$c0$e01-jan-2014$fGBP2.50$g0$hC$5Uk
=ACF  \\$aPrevious Copyright Fee: GBP2.42$c0$e01-jul-2014$fGBP2.42$g0$hC$5Uk
=ACF  \\$aPrevious Copyright Fee: GBP2.67$c0$e01-apr-2015$fGBP2.67$g0$hC$5Uk
=ACF  \\$aPrevious Copyright Fee: GBP3.33$c0$e01-jul-2015$fGBP3.33$g0$hC$5Uk
=ACF  \\$aPrevious Copyright Fee: GBP3.23$c0$e01-oct-2015$fGBP3.23$g0$hC$5Uk
=ACF  \\$aPrevious Copyright Fee: GBP3.45$c0$e01-jul-2016$fGBP3.45$g0$hC$5Uk
=ACF  \\$aPrevious Copyright Fee: GBP3.70$c0$e01-oct-2016$fGBP3.70$g0$hC$5Uk
=ACF  \\$aPrevious Copyright Fee: GBP4.00$c0$e01-apr-2017$fGBP4.00$g0$hC$5Uk
=ACF  \\$aPrevious Copyright Fee: GBP3.80$c0$e01-oct-2017$fGBP3.80$g0$hC$5Uk
=ACF  \\$aPrevious Copyright Fee: GBP3.85$c0$e01-jan-2018$fGBP3.85$g0$hC$5Uk
=ACF  \\$aPrevious Copyright Fee: GBP3.57$c0$e01-apr-2018$fGBP3.57$g0$hC$5Uk
=ACF  \\$aPrevious Copyright Fee: GBP3.85$c0$e01-oct-2018$fGBP3.85$g0$hC$5Uk
=ACF  \\$aPrevious Copyright Fee: GBP4.00$c0$e01-oct-2019$fGBP4.00$g0$hC$5Uk
=ACF  \\$aPrevious Copyright Fee: GBP3.85$c0$e01-apr-2020$fGBP3.85$g0$hC$5Uk
=ACF  \\$aPrevious Copyright Fee: GBP4.00$c0$e01-jul-2020$fGBP4.00$g0$hC$5Uk
=ACF  \\$aPrevious Copyright Fee: GBP3.72$c0$e01-apr-2021$fGBP3.72$g0$hC$5Uk
=ACF  \\$aPrevious Copyright Fee: GBP3.61$c0$e01-jul-2021$fGBP3.61$g0$hC$5Uk
=LAS  \\$aIPL-CLA$b00$c20211231$lBLL01$h1536

