=LDR  05362 as a2201225 a 4500
=001  008412562
=003  Uk
=005  20210704111253.0
=006  aac\\|||||||||||||
=007  ta
=008  920618c19uu9999enkar\p\\r\\\\0\\\a0eng\\
=FMT  \\$a  SE
=015  \\$aGB9222489$2bnb
=019  y\$ab9222489
=019  9\$ab9222489
=019  0\$as582059003
=019  c\$a2440149
=022  0\$a0966-4866$202
=039  0\$a2188
=040  \\$aUk$cUk$dUk
=042  \\$aissnuk
=082  04$a770.25941$220
=084  \\$aAA 720$2blsrissc
=110  2\$aBritish Institute of Professional Photography.
=210  0\$aDir. prof. photogr.$b(Br. Inst. Prof. Photogr.)
=222  \4$aThe directory of professional photography$b(British Institute of Professional Photography)
=245  14$aThe directory of professional photography.
=246  13$aBIPP directory of professional photography
=260  \\$aMacclesfield :$bPublished on behalf of the British Institute of Professional Photography by McMillan
=260  3\$aManchester :$bPublished on behalf of the British Institute of Professional Photography by Excel Publishing
=300  \\$av. :$bill. (some col.), ports. ;$c30 cm.
=310  \\$aAnnual
=321  \\$aBiennial
=336  \\$atext$2rdacontent
=337  \\$aunmediated$2rdamedia
=338  \\$avolume$2rdacarrier
=500  \\$aLatest issue consulted: 2008.
=595  \\$aSee also Card Index.
=540  \\$aBritish Library not licensed to copy$c0$5Uk
=610  20$aBritish Institute of Professional Photography$vPeriodicals.
=650  \0$aPhotographers$zGreat Britain$vDirectories.
=650  \0$aPhotography$zGreat Britain$vDirectories.
=852  71$aBritish Library$bSTI$cRES$k(XP)$hAA 720$m-E(40)$2blsrissc$31992
=852  11$aBritish Library$bSTI$cBIPC$k(B) DIR$k770.25941$mBusiness$32008-2010***Current issue
=852  41$aBritish Library$bDSC$j3594.874600$31991- 1992 *A=1
=945  \\$aDirectory of professional photography.
=959  \\$fHeld but not currently received
=985  \\$aRecord merged by DQ team
=A02  \\$a2440149
=CAT  \\$aCONV$b00$c20040425$lBLL90$h0554
=CAT  \\$aBATCH-CLA$b00$c20110831$lBLL01$h1748
=CAT  \\$aIPL-CLA$c20110930$lBLL01$h1511
=CAT  \\$aBATCH-CLA$b00$c20111130$lBLL01$h1210
=CAT  \\$aIPL-CLA$c20111230$lBLL01$h1722
=CAT  \\$aBATCH-CLA$b00$c20120229$lBLL01$h1623
=CAT  \\$aIPL-CLA$c20120330$lBLL01$h1358
=CAT  \\$aBATCH-CLA$b00$c20120531$lBLL01$h1656
=CAT  \\$aIPL-CLA$c20120629$lBLL01$h0954
=CAT  \\$aBATCH-CLA$b00$c20120831$lBLL01$h1529
=CAT  \\$aIPL-CLA$c20120930$lBLL01$h2011
=CAT  \\$aBATCH-CLA$b00$c20121104$lBLL01$h1036
=CAT  \\$aWR13.005$c20130323$lBLL01$h1311
=CAT  \\$aBATCH-CLA$b00$c20131129$lBLL01$h1648
=CAT  \\$aIPL-CLA$c20131231$lBLL01$h1916
=CAT  \\$aWR14_140$c20140905$lBLL01$h1727
=CAT  \\$aBATCH-CLA$b00$c20161130$lBLL01$h1642
=CAT  \\$aIPL-CLA$c20161230$lBLL01$h1828
=CAT  \\$aBATCH-CLA$b00$c20171130$lBLL01$h1657
=CAT  \\$aIPL-CLA$c20171231$lBLL01$h1404
=CAT  \\$aBATCH-CLA$b00$c20191129$lBLL01$h1621
=CAT  \\$aIPL-CLA$c20191231$lBLL01$h1731
=CAT  \\$aBATCH-CLA$b00$c20201126$lBLL01$h1412
=CAT  \\$aIPL-CLA$c20201231$lBLL01$h1930
=CAT  \\$aBATCH-CLA$b00$c20210528$lBLL01$h1528
=CAT  \\$aIPL-CLA$c20210704$lBLL01$h1112
=CFI  0\$aBritish Library not licensed to copy$c0$e01-jul-2021$hC$iCFP Excluded$5Uk
=CFI  2\$aPrevious Copyright Fee: GBP22.50$c0$e01-jan-2021$fGBP22.50$g0$hC$5Uk
=FIN  \\$aY
=LEO  \\$aMP5.0000799699
=LEO  \\$aMP10.0000189933
=LEO  \\$aMP22.0000038062
=LEO  \\$aMP25.0000273041
=SRC  \\$aBNB03$bbibmp5.200404.2.ab
=SRC  \\$aDSS01$bbibmp10.200404.2.aa
=SRC  \\$aISN01$bbibmp22.200404.2.aa
=SRC  \\$aSRI01$bbibmp25.200404.2.aa
=TCO  \\$aCLA$bCLA$c008
=ACF  \\$aPrevious Copyright Fee: GBP12.00$c0$e01-apr-2012$fGBP12.00$g0$hC$5Uk
=ACF  \\$aPrevious Copyright Fee: GBP12.00$c0$e01-jan-2012$fGBP12.00$g0$hC$5Uk
=ACF  \\$aPrevious Copyright Fee: GBP10.50$c0$e01-oct-2011$fGBP10.50$g0$hC$5Uk
=ACF  \\$aPrevious Copyright Fee: GBP10.50$c0$e01-jul-2011$fGBP10.50$g0$hC$5Uk
=ACF  \\$aPrevious Copyright Fee: GBP10.50$c0$e01-apr-2011$fGBP10.50$g0$hC$5Uk
=ACF  \\$aPrevious copyright fee: GBP10.50$c0$e01-jan-2011$fGBP10.50$g0$hA$5Uk
=ACF  \\$aPrevious copyright fee: GBP9.00$c0$e01-apr-2010$fGBP9.00$g0$hA$5Uk
=ACF  \\$aPrevious copyright fee: GBP6.00$c0$e01-apr-2008$fGBP6.00$g0$hA$5Uk
=ACF  \\$aPrevious copyright fee: GBP5.00$c0$e01-jul-2002$fGBP5.00$g0$hA$5Uk
=ACF  \\$aCurrent copyright fee: GBP4.40$c0$e01-jul-1998$fGBP4.40$g0$hA$5Uk
=ACF  \\$aCurrent copyright fee: GBP4.20$c0$e01-apr-1997$fGBP4.20$g0$hA$5Uk
=ACF  \\$aPrevious Copyright Fee: GBP12.00$c0$e01-jul-2012$fGBP12.00$g0$hC$5Uk
=ACF  \\$aPrevious Copyright Fee: GBP12.00$c0$e01-oct-2012$fGBP12.00$g0$hC$5Uk
=ACF  \\$aPrevious Copyright Fee: GBP12.30$c0$e01-jan-2014$fGBP12.30$g0$hC$5Uk
=ACF  \\$aPrevious Copyright Fee: GBP15.00$c0$e01-jan-2017$fGBP15.00$g0$hC$5Uk
=ACF  \\$aPrevious Copyright Fee: GBP17.50$c0$e01-jan-2018$fGBP17.50$g0$hC$5Uk
=ACF  \\$aPrevious Copyright Fee: GBP20.00$c0$e01-jan-2020$fGBP20.00$g0$hC$5Uk
=LAS  \\$aIPL-CLA$b00$c20210704$lBLL01$h1112

