=LDR  07207cas a2201357ua 4500
=001  008631608
=003  Uk
=005  20230210004706.0
=007  ta
=008  950110d19681976enkqr\\\\\i\\\0\\\a0eng\\
=FMT  \\$a  SE
=019  2\$aiolv06526
=019  0\$as202857018
=019  x\$a1984290231
=022  0\$a0003-5467$202
=040  \\$aUk$cUk$dUk
=042  \\$aissnuk
=084  \\$aGH 016$2blsrissc
=210  0\$aAnthropol. index curr. period. Libr. R. Anthropol. Inst.
=222  \0$aAnthropological index to current periodicals in the Library of the Royal Anthropological Institute
=245  00$aAnthropological index to current periodicals in the Library of the Royal Anthropological Institute.
=246  13$aAnthropological index
=260  \\$aLondon :$bRoyal Anthropological Institute,$c1968-1976.
=300  \\$av. ;$c30 cm.
=336  \\$atext$2rdacontent
=337  \\$aunmediated$2rdamedia
=338  \\$avolume$2rdacarrier
=540  \\$aCurrent Copyright Fee: GBP25.00$c0$5Uk
=650  \0$aAnthropology$xPeriodicals$vIndexes.
=710  2\$aRoyal Anthropological Institute of Great Britain and Ireland.$bLibrary.
=780  00$tIndex to current periodicals received in the Library of the Royal Anthropological Institute$x0080-4142
=785  00$tAnthropological index to current periodicals in the Museum of Mankind Library$x0960-1651
=852  49$aBritish Library$bDSC$cQ$3See shelfmark 1542.873000 for Vol. 6 (1968)-v. 32 (1994) [published 1996]***UKRR-Excluded-Out of Scope
=852  41$aBritish Library$bHMNTS$jAc.9234.tk.$3Vol. 6 (1968)-v. 14 (1976)***UKRR-Excluded-Out of Scope
=852  41$aBritish Library$bOC$jSV 470$3Vol. 6 (1968)-v, 14 (1976)***UKRR-Excluded-Out of Scope
=852  71$aBritish Library$bSTI$k(A)$hGH 016$m-E(1)$2blsrissc$3Vol. 6 (1968)-v. 14 (1976)***UKRR-Excluded-Out of Scope
=CAT  \\$aCONV$b00$c20040425$lBLL90$h0732
=CAT  \\$aIPL-CLA$c20110630$lBLL01$h1515
=CAT  \\$aBATCH-CLA$b00$c20110831$lBLL01$h1746
=CAT  \\$aIPL-CLA$c20110930$lBLL01$h1514
=CAT  \\$aBATCH-CLA$b00$c20111130$lBLL01$h1211
=CAT  \\$aIPL-CLA$c20111230$lBLL01$h1741
=CAT  \\$aBATCH-CLA$b00$c20120229$lBLL01$h1611
=CAT  \\$aIPL-CLA$c20120330$lBLL01$h1401
=CAT  \\$aBATCH-CLA$b00$c20120531$lBLL01$h1703
=CAT  \\$aIPL-CLA$c20120629$lBLL01$h0957
=CAT  \\$aBATCH-CLA$b00$c20120831$lBLL01$h1541
=CAT  \\$aIPL-CLA$c20120930$lBLL01$h2016
=CAT  \\$aBATCH-CLA$b00$c20121104$lBLL01$h1022
=CAT  \\$aBATCH-CLA$b00$c20131129$lBLL01$h1634
=CAT  \\$aIPL-CLA$c20131231$lBLL01$h1940
=CAT  \\$aBATCH-CLA$b00$c20161130$lBLL01$h1631
=CAT  \\$aIPL-CLA$c20161230$lBLL01$h1842
=CAT  \\$aBATCH-CLA$b00$c20171130$lBLL01$h1707
=CAT  \\$aIPL-CLA$c20171231$lBLL01$h1418
=CAT  \\$aBATCH-CLA$b00$c20191129$lBLL01$h1618
=CAT  \\$aIPL-CLA$c20191231$lBLL01$h1743
=CAT  \\$aBATCH-CLA$b00$c20201126$lBLL01$h1358
=CAT  \\$aIPL-CLA$c20201231$lBLL01$h1943
=CAT  \\$a10806$b40$c20220429$lBLL01$h1259
=CAT  \\$aBATCH-CLA$b00$c20221130$lBLL01$h1435
=CAT  \\$aIPL-CLA$c20221231$lBLL01$h1856
=CAT  \\$aBATCH-CLA$b00$c20230209$lBLL01$h1522
=CAT  \\$aIPL-CLA$c20230210$lBLL01$h0047
=CFI  0\$aCurrent Copyright Fee: GBP25.00$c0$e09-feb-2023$fGBP25.00$g0$hC$5Uk
=CFI  2\$aBritish Library not licensed to copy$c0$e01-jan-2023$hC$iCFP Excluded$5Uk
=FIN  \\$aY
=LEO  \\$aMP13.0000564871
=LEO  \\$aMP25.0000075094
=LEO  \\$aMP1.0002375650.1
=LEO  \\$aMP22.0000000106
=LKR  \\$aPAR$b008625250$lBLL01$r78000$mAnthropological index to current periodicals in the Library of the Royal Anthropological Institute$nIndex to current periodicals received in the Library of the Royal Anthropological Institute.
=SRC  \\$aHSS01$bbibmp13.200404.2.ab
=SRC  \\$aSRI01$bbibmp25.200404.2.aa
=SRC  \\$aBLS01$bbibmp1.200404.2.ac
=SRC  \\$aISN01$bbibmp22.200404.2.aa
=TCO  \\$aCLA$bCLA$c008
=ACF  \\$aPrevious Copyright Fee: GBP12.00$c0$e01-apr-2012$fGBP12.00$g0$hC$5Uk
=ACF  \\$aPrevious Copyright Fee: GBP12.00$c0$e01-jan-2012$fGBP12.00$g0$hC$5Uk
=ACF  \\$aPrevious Copyright Fee: GBP10.50$c0$e01-oct-2011$fGBP10.50$g0$hC$5Uk
=ACF  \\$aPrevious Copyright Fee: GBP10.50$c0$e01-jul-2011$fGBP10.50$g0$hC$5Uk
=ACF  \\$aPrevious Copyright Fee: GBP10.50$c0$e01-apr-2011$fGBP10.50$g0$hC$5Uk
=ACF  \\$aPrevious Copyright Fee: GBP10.50$c0$e01-jan-2011$fGBP10.50$g0$hC$5Uk
=ACF  \\$aPrevious Copyright Fee: GBP9.00$c0$e01-oct-2010$fGBP9.00$g0$hC$5Uk
=ACF  \\$aPrevious Copyright Fee: GBP9.00$c0$e01-jul-2010$fGBP9.00$g0$hC$5Uk
=ACF  \\$aPrevious Copyright Fee: GBP9.00$c0$e01-apr-2010$fGBP9.00$g0$hC$5Uk
=ACF  \\$aPrevious Copyright Fee: GBP9.00$c0$e01-Jan-2010$fGBP9.00$g0$hC$5Uk
=ACF  \\$aPrevious Copyright Fee: GBP6.00$c0$e01-oct-2009$fGBP6.00$g0$hC$5Uk
=ACF  \\$aPrevious Copyright Fee: GBP6.00$c0$e01-jul-2009$fGBP6.00$g0$hC$5Uk
=ACF  \\$aPrevious Copyright Fee: GBP6.00$c0$e01-apr-2009$fGBP6.00$g0$hC$5Uk
=ACF  \\$aPrevious Copyright Fee: GBP6.00$c0$e01-jan-2009$fGBP6.00$g0$hC$5Uk
=ACF  \\$aPrevious Copyright Fee: GBP6.00$c0$e01-oct-2008$fGBP6.00$g0$hC$5Uk
=ACF  \\$aPrevious Copyright Fee: GBP6.00$c0$e01-jul-2008$fGBP6.00$g0$hC$5Uk
=ACF  \\$aPrevious Copyright Fee: GBP6.00$c0$e01-apr-2008$fGBP6.00$g0$hC$5Uk
=ACF  \\$aPrevious Copyright Fee: GBP6.00$c0$e01-jan-2008$fGBP6.00$g0$hC$5Uk
=ACF  \\$aPrevious Copyright Fee: GBP5.00$c0$e01-oct-2007$fGBP5.00$g0$hC$5Uk
=ACF  \\$aPrevious Copyright Fee: GBP5.00$c0$e01-jul-2007$fGBP5.00$g0$hC$5Uk
=ACF  \\$aPrevious Copyright Fee: GBP5.00$c0$e01-apr-2007$fGBP5.00$g0$hC$5Uk
=ACF  \\$aPrevious Copyright Fee: GBP5.00$c0$e01-jan-2007$fGBP5.00$g0$hC$5Uk
=ACF  \\$aPrevious Copyright Fee: GBP5.00$c0$e01-oct-2006$fGBP5.00$g0$hC$5Uk
=ACF  \\$aPrevious Copyright Fee: GBP5.00$c0$e01-jul-2006$fGBP5.00$g0$hC$5Uk
=ACF  \\$aPrevious Copyright Fee: GBP5.00$c0$e01-apr-2006$fGBP5.00$g0$hC$5Uk
=ACF  \\$aPrevious Copyright Fee: GBP5.00$c0$e01-jan-2006$fGBP5.00$g0$hC$5Uk
=ACF  \\$aPrevious Copyright Fee: GBP5.00$c0$e01-oct-2005$fGBP5.00$g0$hC$5Uk
=ACF  \\$aPrevious Copyright Fee: GBP5.00$c0$e01-jul-2005$fGBP5.00$g0$hC$5Uk
=ACF  \\$aPrevious Copyright Fee: GBP5.00$c0$e01-apr-2005$fGBP5.00$g0$hC$5Uk
=ACF  \\$aPrevious Copyright Fee: GBP5.00$c0$e01-jan-2005$fGBP5.00$g0$hC$5Uk
=ACF  \\$aPrevious Copyright Fee: GBP5.00$c0$e01-oct-2004$fGBP5.00$g0$hC$5Uk
=ACF  \\$aPrevious Copyright Fee: GBP12.00$c0$e01-jul-2012$fGBP12.00$g0$hC$5Uk
=ACF  \\$aPrevious Copyright Fee: GBP12.00$c0$e01-oct-2012$fGBP12.00$g0$hC$5Uk
=ACF  \\$aPrevious Copyright Fee: GBP12.30$c0$e01-jan-2014$fGBP12.30$g0$hC$5Uk
=ACF  \\$aPrevious Copyright Fee: GBP15.00$c0$e01-jan-2017$fGBP15.00$g0$hC$5Uk
=ACF  \\$aPrevious Copyright Fee: GBP17.50$c0$e01-jan-2018$fGBP17.50$g0$hC$5Uk
=ACF  \\$aPrevious Copyright Fee: GBP20.00$c0$e01-jan-2020$fGBP20.00$g0$hC$5Uk
=ACF  \\$aPrevious Copyright Fee: GBP22.50$c0$e01-jan-2021$fGBP22.50$g0$hC$5Uk
=LAS  \\$aIPL-CLA$b00$c20230210$lBLL01$h0047

