=LDR  01853 am a2200577ua 4500
=001  008768390
=003  Uk
=005  20141214233400.0
=008  820524s1981\\\\enk\\\\\|b\\\\001\|\eng\\
=FMT  \\$a  BK
=015  \\$aGB8127392$2bnb
=019  y\$aB8127392
=019  9\$a0720115965
=019  1\$a0720115965
=019  0\$as168516004
=020  \\$a0720115965 :$cUnpriced
=039  0\$a1690
=040  \\$aUk$cUk
=043  \\$ae-uk---
=050  00$aZ2009
=082  04$a070.5/95$218
=082  04$a070.5/95$219
=084  \\$aAA 438$2blsrissc
=100  10$aRichard, Stephen.
=245  10$aDirectory of British official publications :$ba guide to sources /$ccompiled by Stephen Richard.
=260  \\$aLondon :$bMansell,$c1981.
=300  \\$axxxii,360p. ;$c25cm.
=336  \\$atext$2rdacontent
=337  \\$aunmediated$2rdamedia
=338  \\$avolume$2rdacarrier
=500  \\$aIncludes index.
=597  \\$aDLC$b82144831 //r892
=650  \0$aGovernment publications$zGreat Britain$xInformation services$xDirectories.
=651  \0$aGreat Britain$xGovernment publications.
=653  \\$aGreat Britain$aPublic bodies$aPublications$aBibliographies
=852  41$aBritish Library$bHMNTS$jX.520/26498
=852  11$aBritish Library$bHMNTS$kOPL$hEnquiry Desk$3[Another copy]
=852  71$aBritish Library$bSTI$cRES$k(XB)$hAA 438$2blsrissc
=957  \\$a811130p
=CAT  \\$aCONV$b00$c20040425$lBLL90$h0812
=CAT  \\$aCONV$b00$c20040502$lBLL01$h1303
=CAT  \\$aBATCH$b00$c20091122$lBLL01$h0858
=CAT  \\$aBATCH-UPD$b00$c20141214$lBLL01$h2334
=FIN  \\$aY
=LEO  \\$aMP5.0000673691
=LEO  \\$aMP13.0001870081
=LEO  \\$aMP25.0000069419
=SRC  \\$aBNB03$bbibmp5.200404.2.ab
=SRC  \\$aHSS01$bbibmp13.200404.2.ad
=SRC  \\$aSRI01$bbibmp25.200404.2.aa
=LAS  \\$aBATCH-UPD$b00$c20141214$lBLL01$h2334

