=LDR  02943cas a2200745ua 4500
=001  008910330
=003  Uk
=005  20221231190001.0
=007  ta
=008  940322d19911996enkuu\\\\\\\\\0\\\a0eng\\
=FMT  \\$a  SE
=019  0\$as596741006
=019  c\$a2449451
=040  \\$aUk$cUk
=082  04$a338.47643520941$221
=084  \\$aWK 21$2blsrissc
=084  \\$aWN 46$2blsrissc
=245  00$aBathroom equipment and accessories.$pUK.
=260  \\$aChester :$bMarketing Strategies for Industry (UK) Ltd,$c1991-1996.
=336  \\$atext$2rdacontent
=337  \\$aunmediated$2rdamedia
=338  \\$avolume$2rdacarrier
=490  0\$aMSI databrief
=595  \\$aFORMERLY 1866.3114 CHANGE BETWEEN 1988 AND 1991.
=540  \\$aCurrent Copyright Fee: GBP25.00$c0$5Uk
=690  7\$aManagement and Business Studies$2blcoll
=780  00$tBathroom equipment and accessories UK MSI database
=852  41$aBritish Library$bDSC$j1866.311420$31991 *A=1
=852  71$aBritish Library$bSTI$cRES$k(XP)$kWK 21$m-E(2)$2blrissc$31993,1995-1996
=852  71$aBritish Library$bSTI$cRES$k(XP)$hWK 21$m-E(2)$2blsrissc$3May 1995-Sept. 1996
=945  \\$aBathroom equipment and accessories UK MSI databrief.
=957  \\$aP
=959  \\$fHeld but not currently received
=968  \\$bx
=CAT  \\$aCONV$b00$c20040425$lBLL90$h0857
=CAT  \\$aCONV$b00$c20040502$lBLL01$h1307
=CAT  \\$aBATCH$b00$c20090527$lBLL01$h1829
=CAT  \\$aBATCH$b00$c20091122$lBLL01$h0952
=CAT  \\$a6537$b40$c20140723$lBLL01$h1139
=CAT  \\$aBATCH-CLA$b00$c20161222$lBLL01$h1711
=CAT  \\$aIPL-CLA$c20161230$lBLL01$h1845
=CAT  \\$aBATCH-CLA$b00$c20171222$lBLL01$h2009
=CAT  \\$aIPL-CLA$c20171231$lBLL01$h1421
=CAT  \\$aBATCH-CLA$b00$c20191219$lBLL01$h1636
=CAT  \\$aIPL-CLA$c20191231$lBLL01$h1745
=CAT  \\$aR2001-1524$c20200127$lBLL01$h1932
=CAT  \\$aBATCH-CLA$b00$c20201204$lBLL01$h1432
=CAT  \\$aIPL-CLA$c20201231$lBLL01$h1945
=CAT  \\$aBATCH-CLA$b00$c20221221$lBLL01$h1737
=CAT  \\$aIPL-CLA$c20221231$lBLL01$h1900
=CFI  0\$aCurrent Copyright Fee: GBP25.00$c0$e01-jan-2023$fGBP25.00$g0$hA$5Uk
=CFI  2\$aPrevious Copyright Fee: GBP22.50$c0$e01-jan-2021$fGBP22.50$g0$hA$5Uk
=FIN  \\$aY
=LEO  \\$aMP10.0000088889
=LEO  \\$aMP25.0000288005
=SRC  \\$aDSS03$bbibsr.200404.2.aa
=SRC  \\$aDSS01$bbibmp10.200404.2.aa
=SRC  \\$aSRI01$bbibmp25.200404.2.aa
=TCO  \\$aCLA$bCLA$c008
=ACF  \\$aPrevious copyright fee: GBP12.00$c0$e01-jan-2012$fGBP12.00$g0$hA$5Uk
=ACF  \\$aPrevious Copyright Fee: GBP12.30$c0$e01-jan-2014$fGBP12.30$g0$hA$5Uk
=ACF  \\$aPrevious Copyright Fee: GBP15.00$c0$e01-jan-2017$fGBP15.00$g0$hA$5Uk
=ACF  \\$aPrevious Copyright Fee: GBP17.50$c0$e01-jan-2018$fGBP17.50$g0$hA$5Uk
=ACF  \\$aPrevious Copyright Fee: GBP20.00$c0$e01-jan-2020$fGBP20.00$g0$hA$5Uk
=LAS  \\$aIPL-CLA$b00$c20221231$lBLL01$h1900

