=LDR  05880cas a2201417 a 4500
=001  009085501
=003  Uk
=005  20201022092303.0
=006  aa\\\|||||||||||||
=007  ta
=008  960730c19949999iluar\p\\s\\\\0\\\a0eng\\
=FMT  \\$a  SE
=010  \\$a97660797$zsn 94005127
=015  \\$aGB9663254$2bnb
=016  \\$a009085501
=019  c\$a2299213
=019  y\$ab9663254
=019  9\$ab9663254
=019  0\$as161132014
=022  \\$a1076-2906
=035  \\$a(OCoLC)ocm30448979
=039  0\$a2402
=040  \\$aNSDP$beng$cNSDP$dDLC$dNSDP$dPPiU$dTxU$dInU$dMCM$dN$dWaU$dInU$dDLC$dInU$dMCM$dDNAL$dGU$dInU$dMH$dInU$dOCoLC$dWaU$dMCM$dDLC$dNSDP$dOCoLC$dUk
=042  \\$aukblsr
=050  00$aHF1041$b.C56
=070  0\$aHF1041.C56
=072  \0$aX700
=072  \0$aE700
=082  04$a332.6328$222
=084  \\$aAL 48$2blsrissc
=130  0\$aCRB commodity yearbook (1994)
=210  0\$aCRB commod. yearb.
=222  \4$aThe CRB commodity yearbook
=245  14$aThe CRB commodity yearbook /$cKnight-Ridder Financial, Commodity Research Bureau.
=246  3\$aCommodity Research Bureau commodity yearbook
=246  13$aCRB commodity year book
=246  30$aCommodity yearbook
=246  13$aThe cmdty yearbook
=260  \\$aNew York, N.Y. ;$aChichester :$bWiley,$c1994-
=264  31$aChicago, Illinois :$bBarchart.com, Inc.
=300  \\$av. :$bill. ;$c29 cm.
=310  \\$aAnnual
=336  \\$atext$2rdacontent
=337  \\$aunmediated$2rdamedia
=338  \\$avolume$2rdacarrier
=362  0\$a1994-
=550  \\$aPrepared by: BRIDGE Information Systems America, Inc./Commodity Research Bureau, 1997-2002 ; Commodity Research Bureau, 2003-.
=580  \\$aUpdated three times yearly with supplements.
=580  \\$aAvailable also in: CRB infotech, on CD-ROM.
=500  \\$aAccompanied by CD-ROM: <2004->.
=595  \\$aFORMERLY 3339.23 UP TO 1984 ALSO FORMERLY 5099.868605N SEE ALSO SERIAL RECORDS USC AND CARD INDEX.
=500  \\$aLatest issue consulted: 2020.
=540  \\$aBritish Library not licensed to copy$c0$5Uk
=650  \0$aCommodity futures$vStatistics$vPeriodicals.
=650  \0$aFutures$vStatistics$vPeriodicals.
=650  \0$aCommercial products$vStatistics$vPeriodicals.
=650  \0$aPrices$vStatistics$vPeriodicals.
=650  \0$aCommercial statistics$vPeriodicals.
=690  7\$aManagement and Business Studies$2blcoll
=710  2\$aCommodity Research Bureau (U.S.)
=710  2\$aBridge/Commodity Research Bureau.
=770  1\$tKnight-Ridder CRB commodity yearbook statistical supplement$g1993-94
=770  1\$tCRB commodity yearbook statistical supplement$g1994-1995
=770  1\$tCRB yearbook statistical update$g1995-
=770  0\$tCRB yearbook ... update
=776  1\$tCRB commodity yearbook (1994 : CD-ROM)$x1555-1695
=780  00$tKnight-Ridder CRB commodity yearbook$x1074-1933
=787  1\$tCRB infotech
=852  71$aBritish Library$bSTI$cRES$k(XP)$hAL 48$m-E(8)$2blsrissc$31994-***Earlier issues***Purchased items 2011- available for remote supply
=852  41$aBritish Library$bHMNTS$jZK.9.b.6156$31994-1997
=852  11$aBritish Library$bSTI$cBIPC$k(B) MKT$k332.64$mBusiness$2blsrissc$3Current issue***Accompanying CD-ROM at (TB) MKT 332.64 Business
=852  11$aBritish Library$bSTI$cBIPC$k(TB) MKT$h332.64$mBusiness$3Accompanying CD-ROM
=852  41$aBritish Library$bDSC$j3487.052700$31985-1997; 2004
=945  \\$aCRB COMMODITY YEAR BOOK.
=957  \\$aP
=959  \\$fHeld but not currently received
=968  \\$bx
=CAT  \\$aCONV$b00$c20040425$lBLL90$h0555
=CAT  \\$a8871$b40$c20070822$lBLL01$h1253
=CAT  \\$a8871$b40$c20070822$lBLL01$h1302
=CAT  \\$a8871$b40$c20070822$lBLL01$h1515
=CAT  \\$aBATCH-UPD$b40$c20080223$lBLL01$h2339
=CAT  \\$aBATCH-UPD$b40$c20080226$lBLL01$h0312
=CAT  \\$aBATCH-UPD$b40$c20080330$lBLL01$h0312
=CAT  \\$aBATCH-UPD$b40$c20080330$lBLL01$h1201
=CAT  \\$aBATCH$b00$c20080330$lBLL01$h1933
=CAT  \\$aBATCH-CLA$b00$c20080829$lBLL01$h1824
=CAT  \\$aBATCH-UPD$b00$c20080930$lBLL01$h2204
=CAT  \\$aBATCH-UPD$b00$c20080930$lBLL01$h2329
=CAT  \\$aBATCH$b00$c20081001$lBLL01$h0048
=CAT  \\$aBATCH$b00$c20090527$lBLL01$h1835
=CAT  \\$aBATCH$b00$c20091122$lBLL01$h1006
=CAT  \\$aBATCH-UPD$b00$c20101201$lBLL01$h1219
=CAT  \\$aIPL-CLA$c20101231$lBLL01$h1241
=CAT  \\$aBATCH-UPD$b00$c20110907$lBLL01$h1801
=CAT  \\$aIPL-CLA$c20110908$lBLL01$h1715
=CAT  \\$aBATCH-CLA$b00$c20121104$lBLL01$h1019
=CAT  \\$a7792$b40$c20130319$lBLL01$h0738
=CAT  \\$aWR13.005$c20130329$lBLL01$h1246
=CAT  \\$aWR14_140$c20140905$lBLL01$h1732
=CAT  \\$aWR16_021$c20160609$lBLL01$h1951
=CAT  \\$aBATCH-016$c20160905$lBLL01$h1705
=CAT  \\$a11205$b40$c20201022$lBLL01$h0923
=CFI  0\$aBritish Library not licensed to copy$c0$e07-sep-2011$hC$iTX$5Uk
=CFI  2\$aPrevious copyright fee: GBP10.50$c0$e01-jan-2011$fGBP10.50$g0$hA$5Uk
=FIN  \\$aY
=LEO  \\$aMP5.0000836807
=LEO  \\$aMP10.0000172146
=LEO  \\$aMP25.0000062354
=LKR  \\$aPAR$b012486882$lBLL01$r78000$mThe CRB commodity yearbook$nThe Knight-Ridder CRB commodity yearbook
=SID  \\$aZ39$bLOC
=SRC  \\$aBNB03$bbibmp5.200404.2.ab
=SRC  \\$aDSS01$bbibmp10.200404.2.aa
=SRC  \\$aSRI01$bbibmp25.200404.2.aa
=TCO  \\$aTRS$bCCC$c008
=ACF  \\$aPrevious Copyright Fee: GBP17.00$c0$e01-oct-2008$fGBP17.00$g0$hC$5Uk
=ACF  \\$aPrevious copyright fee: GBP6.00$c0$e01-apr-2008$fGBP6.00$g0$hA$5Uk
=ACF  \\$aPrevious copyright fee: GBP5.00$c0$e01-jul-2002$fGBP5.00$g0$hA$5Uk
=ACF  \\$aCurrent copyright fee: GBP2.50$c0$e01-jul-1998$fGBP2.50$g0$hC$5Uk
=ACF  \\$aCurrent copyright fee: GBP2.30$c0$e01-apr-1997$fGBP2.30$g0$hC$5Uk
=LAS  \\$a11205$b40$c20201022$lBLL01$h0923

