=LDR  06844cas a2201405 a 4500
=001  009199216
=003  Uk
=005  20120924084103.0
=007  ta
=008  811013c19229999xxumr\p\\\\\\\0\\\a0eng\\
=FMT  \\$a  SE
=019  c\$a2077568
=019  0\$as166132004
=019  x\$a0514410035
=022  0\$a0017-8012
=040  \\$aUk$cUk
=082  04$a658$221
=084  \\$aAQ 00$2blsrissc
=222  \0$aHarvard business review
=245  00$aHarvard business review.
=260  \\$aBoston, Mass. :$bHarvard University Graduate School of Business Administration,$c1922-
=300  \\$av. :$bill. ;$c23-29 cm.
=310  \\$aBi-monthly
=336  \\$atext$2rdacontent
=337  \\$aunmediated$2rdamedia
=338  \\$avolume$2rdacarrier
=362  0\$aVol. 1, no. 1 (Oct. 1922)-
=595  \\$aSee also card index.
=540  \\$aBritish Library not licensed to copy$c0$5Uk
=650  \0$aBusiness$vPeriodicals.
=650  \0$aEconomic history$vPeriodicals.
=690  7\$aManagement and Business Studies$2blcoll
=710  2\$aHarvard University.$bGraduate School of Business Administration.
=852  41$aBritish Library$bSTI$cBIPC
=852  71$aBritish Library$bSTI$cRES$k(P)$hAQ 00$m-E(16)$3Earlier issues
=852  41$aBritish Library$bHMNTS$jMic.A.4263-4279.$3Vol. 1, no. 1-v. 40, no. 6.***Microfilm
=852  71$aBritish Library$bSTI$cBIPC$k(P)$hAQ 00$m-E(16) Business$2blsrissc$32017-2019
=852  41$aBritish Library$bDSC$j4265.800000$3Vol. 1 (1922/23)-***UKRR Retained Title
=945  \\$aHARVARD BUSINESS REVIEW.
=959  \\$fCurrently received
=963  \\$aCA/U38 VOL. 26, 1948- *A=1$bY
=985  \\$aRecord merged by DQ Team
=A02  \\$a2077568
=CAT  \\$aCONV$b00$c20040425$lBLL90$h0703
=CAT  \\$aIPL-CLA$c20110930$lBLL01$h1517
=CAT  \\$aBATCH-CLA$b00$c20111130$lBLL01$h1156
=CAT  \\$aIPL-CLA$c20111230$lBLL01$h1752
=CAT  \\$aBATCH-CLA$b00$c20120229$lBLL01$h1555
=CAT  \\$aIPL-CLA$c20120330$lBLL01$h1403
=CAT  \\$aBATCH-CLA$b00$c20120531$lBLL01$h1717
=CAT  \\$aIPL-CLA$c20120629$lBLL01$h1000
=CAT  \\$aBATCH-CLA$b00$c20120831$lBLL01$h1545
=CAT  \\$a8874$b40$c20120924$lBLL01$h0841
=CAT  \\$aIPL-CLA$c20120930$lBLL01$h2020
=CAT  \\$aBATCH-CLA$b00$c20121104$lBLL01$h1012
=CAT  \\$aWR12_128$c20121113$lBLL01$h1828
=CAT  \\$aBATCH-CLA$b00$c20121130$lBLL01$h1235
=CAT  \\$aWR12_168$c20121206$lBLL01$h1835
=CAT  \\$aIPL-CLA$c20121231$lBLL01$h1250
=CAT  \\$aIPL-CLA$c20130102$lBLL01$h1653
=CAT  \\$aWR13.005$c20130322$lBLL01$h1936
=CAT  \\$aBATCH-CLA$b00$c20130531$lBLL01$h1647
=CAT  \\$aIPL-CLA$c20130701$lBLL01$h0013
=CAT  \\$aBATCH-CLA$b00$c20130830$lBLL01$h1624
=CAT  \\$aIPL-CLA$c20130930$lBLL01$h1725
=CAT  \\$aBATCH-CLA$b00$c20131129$lBLL01$h1651
=CAT  \\$aIPL-CLA$c20131231$lBLL01$h1958
=CAT  \\$aBATCH-CLA$b00$c20140530$lBLL01$h1707
=CAT  \\$aIPL-CLA$c20140630$lBLL01$h1702
=CFI  0\$aBritish Library not licensed to copy$c0$e01-jul-2014$hC$iCFP Excluded$5Uk
=CFI  2\$aBritish Library not licensed to copy$c0$e01-jan-2014$hC$iCFP Excluded$5Uk
=FIN  \\$aY
=LEO  \\$aMP25.0000067015
=LEO  \\$aMP10.0000259654
=LEO  \\$aMP1.0000609914
=SRC  \\$aBLS01$bbibmp1.200404.2.aa
=SRC  \\$aSRI01$bbibmp25.200404.2.aa
=SRC  \\$aDSS01$bbibmp10.200404.2.aa
=TCO  \\$aTRS$bCCC$c008
=TOC  \\$aETOC
=ACF  \\$aBritish Library not licensed to copy$c0$e01-apr-2012$hC$iCLA Excluded$5Uk
=ACF  \\$aBritish Library not licensed to copy$c0$e01-jan-2012$hC$iCLA Excluded$5Uk
=ACF  \\$aBritish Library not licensed to copy$c0$e01-oct-2011$hC$iCLA Excluded$5Uk
=ACF  \\$aBritish Library not licensed to copy$c0$e01-jul-2011$hC$iCLA Excluded$5Uk
=ACF  \\$aBritish Library not licensed to copy$c0$e01-apr-2011$hC$iCLA Excluded$5Uk
=ACF  \\$aBritish Library not licensed to copy$c0$e01-jan-2011$hC$iCLA Excluded$5Uk
=ACF  \\$aBritish Library not licensed to copy$c0$e01-oct-2010$hC$iCLA Excluded$5Uk
=ACF  \\$aBritish Library not licensed to copy$c0$e01-jul-2010$hC$iCLA Excluded$5Uk
=ACF  \\$aBritish Library not licensed to copy$c0$e01-apr-2010$hC$iCLA Excluded$5Uk
=ACF  \\$aBritish Library not licensed to copy$c0$e01-Jan-2010$hC$iCLA Excluded$5Uk
=ACF  \\$aBritish Library not licensed to copy$c0$e01-oct-2009$hC$iCLA Excluded$5Uk
=ACF  \\$aBritish Library not licensed to copy$c0$e01-jul-2009$hC$iCLA Excluded$5Uk
=ACF  \\$aBritish Library not licensed to copy$c0$e01-apr-2009$hC$iCLA Excluded$5Uk
=ACF  \\$aPrevious Copyright Fee: GBP2.50$c0$e01-jan-2009$fGBP2.50$g0$hC$5Uk
=ACF  \\$aPrevious Copyright Fee: GBP2.00$c0$e01-oct-2008$fGBP2.00$g0$hC$5Uk
=ACF  \\$aPrevious Copyright Fee: GBP2.00$c0$e01-jul-2008$fGBP2.00$g0$hC$5Uk
=ACF  \\$aPrevious Copyright Fee: GBP2.00$c0$e01-apr-2008$fGBP2.00$g0$hC$5Uk
=ACF  \\$aPrevious Copyright Fee: GBP2.00$c0$e01-jan-2008$fGBP2.00$g0$hC$5Uk
=ACF  \\$aPrevious Copyright Fee: GBP2.00$c0$e01-oct-2007$fGBP2.00$g0$hC$5Uk
=ACF  \\$aPrevious Copyright Fee: GBP2.00$c0$e01-jul-2007$fGBP2.00$g0$hC$5Uk
=ACF  \\$aPrevious Copyright Fee: GBP1.51$c0$e01-apr-2007$fGBP1.51$g0$hC$5Uk
=ACF  \\$aPrevious Copyright Fee: GBP1.59$c0$e01-jan-2007$fGBP1.59$g0$hC$5Uk
=ACF  \\$aPrevious Copyright Fee: GBP1.59$c0$e01-oct-2006$fGBP1.59$g0$hC$5Uk
=ACF  \\$aPrevious Copyright Fee: GBP1.69$c0$e01-jul-2006$fGBP1.69$g0$hC$5Uk
=ACF  \\$aPrevious Copyright Fee: GBP1.69$c0$e01-apr-2006$fGBP1.69$g0$hC$5Uk
=ACF  \\$aPrevious Copyright Fee: GBP1.64$c0$e01-jan-2006$fGBP1.64$g0$hC$5Uk
=ACF  \\$aPrevious Copyright Fee: GBP1.59$c0$e01-oct-2005$fGBP1.59$g0$hC$5Uk
=ACF  \\$aPrevious Copyright Fee: GBP1.59$c0$e01-jul-2005$fGBP1.59$g0$hC$5Uk
=ACF  \\$aPrevious Copyright Fee: GBP1.59$c0$e01-apr-2005$fGBP1.59$g0$hC$5Uk
=ACF  \\$aPrevious Copyright Fee: GBP1.64$c0$e01-jan-2005$fGBP1.64$g0$hC$5Uk
=ACF  \\$aPrevious Copyright Fee: GBP1.59$c0$e01-oct-2004$fGBP1.59$g0$hC$5Uk
=ACF  \\$aPrevious copyright fee: GBP1.59$c0$e01-apr-2004$fGBP1.59$g0$hC$5Uk
=ACF  \\$aCurrent copyright fee: GBP1.74$c0$e01-jan-2004$fGBP1.74$g0$hC$5Uk
=ACF  \\$aCurrent copyright fee: GBP1.84$c0$e01-oct-2003$fGBP1.84$g0$hC$5Uk
=ACF  \\$aBritish Library not licensed to copy$c0$e01-jul-2012$hC$iCLA Excluded$5Uk
=ACF  \\$aBritish Library not licensed to copy$c0$e01-oct-2012$hC$iCFP Excluded$5Uk
=ACF  \\$aBritish Library not licensed to copy$c0$e01-jan-2013$hC$iCFP Excluded$5Uk
=ACF  \\$aBritish Library not licensed to copy$c0$e01-jul-2013$hC$iCFP Excluded$5Uk
=ACF  \\$aBritish Library not licensed to copy$c0$e01-oct-2013$hC$iCFP Excluded$5Uk
=LAS  \\$aIPL-CLA$b00$c20140630$lBLL01$h1702

