=LDR  01680 am a2200493ua 4500
=001  009530125
=003  Uk
=005  20201124183705.0
=008  990112s1954\\\\enk\\\\||c\\\\001\||eng\\
=FMT  \\$a  BK
=010  \\$a54044545
=019  2\$aiole31719
=019  s\$aoaoc07168
=040  \\$aUk$cUk
=041  0\$aeng$amal
=082  04$a011.3109421
=110  2\$aIndia Office Library.
=245  10$aCatalogue of the Malayalam manuscripts in the India Office Library /$cby Chelnat Achyuta Menon.
=260  \\$aLondon :$bOxford University Press,$c1954.
=300  \\$a29 p., [1] leaf of plates :$bfacsims. ;$c29 cm.
=336  \\$atext$2rdacontent
=337  \\$aunmediated$2rdamedia
=338  \\$avolume$2rdacarrier
=610  24$aIndia Office Library$vCatalogs.
=650  \0$aManuscripts, Malayalam$zEngland$zLondon$vCatalogs.
=700  1\$aAchyuta Menon, Chelnat,$d1894-1952.
=886  2\$2blmarc$a967$b00$gx
=852  11$aBritish Library$bDSC$hq017.1
=852  41$aBritish Library$bOC$jORW.1986.a.5438
=852  11$aBritish Library$bOC$cSPHOA$kORC MAL$h1$3[Another copy.]
=852  41$aBritish Library$bOC$jW 405$3[Another copy.]
=852  41$aBritish Library$bOC$jW 5389$3[Another copy.]
=957  \\$a540101c
=958  \\$a15000.c.16
=958  \\$aORW.1986.b.119
=985  \\$aUpgraded by BSS-generated file for WR2011-1473
=CAT  \\$aCONV$b00$c20040425$lBLL90$h0847
=CAT  \\$aCONV$b00$c20040502$lBLL01$h1329
=CAT  \\$aBATCH$b00$c20091122$lBLL01$h1200
=CAT  \\$aW2011-1473$b00$c20201124$lBLL01$h1837
=FIN  \\$aY
=LEO  \\$aMP13.0000501505
=SRC  \\$aHSS01$bbibmp13.200404.2.aa
=LAS  \\$aW2011-1473$b00$c20201124$lBLL01$h1837

