=LDR  07568cas a2201573 i 4500
=001  009532058
=003  Uk
=005  20230210004908.0
=007  ta
=008  790622c19479999enkar\p\\r\\\\0\\\a0eng\\
=FMT  \\$a  SE
=016  \\$a009532058
=019  c\$a2178977
=019  2\$aiolv06952
=019  s\$aoams00082
=019  s\$aoagh18633
=019  x\$a2534650033
=019  0\$as085127000
=022  0\$a0084-2117
=040  \\$aUk$cUk$dUk$dUk
=082  04$a060.25$219
=210  0\$aWorld learn.
=222  \0$aWorld of learning
=245  00$aWorld of learning.
=246  1\$iVols. for 2006- called:$aEuropa world of learning
=260  \\$aLondon :$bEuropa Publications,$c1947-
=260  3\$32005-$aLondon :$bRoutledge
=300  \\$av. ;$c26 cm.
=310  \\$aAnnual.
=336  \\$atext$2rdacontent
=337  \\$aunmediated$2rdamedia
=338  \\$avolume$2rdacarrier
=515  \\$aIssued in two vols. from 2005.
=500  \\$aLatest issue consulted: 56th ed. (2006) (published 2005)
=530  \\$aAlso issued online.
=595  \\$aCONTD AS 9356.4035N 2004- SEE ALSO SERIAL RECORDS LULS.
=540  \\$aCurrent Copyright Fee: GBP45.00$c0$5Uk
=650  \0$aUniversities and colleges$vDirectories.
=650  \0$aLearned institutions and societies$vDirectories.
=852  41$aBritish Library$bHMNTS$jP.P.2506.amt.$3Ed. 1 (1947)-
=852  41$aBritish Library$bHMNTS$jRAR Enquiry Desk.
=852  41$aBritish Library$bDSC$j9356.400000$3Vol. 1 (1947)-v. 53 (2003)***Stock incomplete***UKRR Retained Title
=852  41$aBritish Library$bOC$jSV.750$31st (1947)-***Incomplete stock
=852  11$aBritish Library$bSTI$cBIPC$k(B) DIR$h060.25$mBusiness Enquiry desk$32009
=852  41$aBritish Library$bMAPS$jMaps Ref. A.3.(21.).$3Latest edition only
=852  11$aBritish Library$bHMNTS$kOPL Enquiry Desk$h378.0025$3From 2015 onwards latest edition held at HLR Enquiry Desk 378
=852  41$aBritish Library$bSTI$jStaff Reference - Authority Control
=852  11$aBritish Library$bHMNTS$cSPHOA$kHUR Tel point$h378$3Latest edition only
=852  11$aBritish Library$bOC$cSPHOA$kOIA$h060$3Latest edition only
=852  11$aBritish Library$bHMNTS$cSPHOA$kMSS$h026
=852  41$aBritish Library$bMAPS$jMaps 238.a.78.
=852  41$aBritish Library$bHMNTS$jHLR Enquiry Desk 378$3Ed. 64, vols. 1 & 2 (2014) only
=945  \\$aWORLD OF LEARNING.
=959  \\$fHeld but not currently received
=985  \\$aISSN responsibility transferred to U.S. ISSN Center - 21/12/11
=CAT  \\$aWR09-126
=CAT  \\$aIPL-CLA$c20111230$lBLL01$h1805
=CAT  \\$aBATCH-CLA$b00$c20120229$lBLL01$h1620
=CAT  \\$aIPL-CLA$c20120330$lBLL01$h1405
=CAT  \\$aBATCH-CLA$b00$c20120531$lBLL01$h1656
=CAT  \\$aIPL-CLA$c20120629$lBLL01$h1001
=CAT  \\$aBATCH-CLA$b00$c20120831$lBLL01$h1545
=CAT  \\$aIPL-CLA$c20120930$lBLL01$h2023
=CAT  \\$aBATCH-CLA$b00$c20121104$lBLL01$h1005
=CAT  \\$aWR12_128$c20121113$lBLL01$h1831
=CAT  \\$aWR13.005$c20130323$lBLL01$h1235
=CAT  \\$aBATCH-CLA$b00$c20131129$lBLL01$h1652
=CAT  \\$aIPL-CLA$c20131231$lBLL01$h2016
=CAT  \\$a8874$b40$c20150211$lBLL01$h1507
=CAT  \\$aWR16_021$c20160609$lBLL01$h1952
=CAT  \\$aBATCH-016$c20160905$lBLL01$h1705
=CAT  \\$aBATCH-CLA$b00$c20190531$lBLL01$h1623
=CAT  \\$aIPL-CLA$c20190630$lBLL01$h1527
=CAT  \\$aBATCH-CLA$b00$c20200529$lBLL01$h1538
=CAT  \\$aIPL-CLA$c20200701$lBLL01$h0047
=CAT  \\$aBATCH-CLA$b00$c20220304$lBLL01$h1533
=CAT  \\$aIPL-CLA$c20220331$lBLL01$h2147
=CAT  \\$aBATCH-CLA$b00$c20221130$lBLL01$h1422
=CAT  \\$aIPL-CLA$c20221231$lBLL01$h1917
=CAT  \\$aBATCH-CLA$b00$c20230209$lBLL01$h1510
=CAT  \\$aIPL-CLA$c20230210$lBLL01$h0049
=CFI  0\$aCurrent Copyright Fee: GBP45.00$c0$e09-feb-2023$fGBP45.00$g0$hC$5Uk
=CFI  2\$aBritish Library not licensed to copy$c0$e01-jan-2023$hC$iCFP Excluded$5Uk
=FIN  \\$aY
=LEO  \\$aMP1.0003041193
=LEO  \\$aMP25.0000010768
=LEO  \\$aMP10.0000618797
=LEO  \\$aMP13.0000565292
=LEO  \\$aMP22.0000003151
=LEO  \\$aMP37.0000027996.1
=LEO  \\$aMP37.0000027996.2
=LKR  \\$aPAR$b009918555$lBLL01$r776$mWorld of learning$nThe world of learning the international guide to the academic world.
=SRC  \\$aBLS01$bbibmp1.200404.2.ad
=SRC  \\$aSRI01$bbibmp25.200404.2.aa
=SRC  \\$aDSS01$bbibmp10.200404.2.aa
=SRC  \\$aSPH01$bbibmp37b.200404.2.aa
=SRC  \\$aHSS01$bbibmp13.200404.2.ab
=SRC  \\$aISN01$bbibmp22.200404.2.aa
=TCO  \\$aCLA$bCLA$c008
=ACF  \\$aPrevious Copyright Fee: GBP13.00$c0$e01-apr-2012$fGBP13.00$g0$hC$5Uk
=ACF  \\$aPrevious Copyright Fee: GBP13.00$c0$e01-jan-2012$fGBP13.00$g0$hC$5Uk
=ACF  \\$aPrevious Copyright Fee: GBP13.00$c0$e01-oct-2011$fGBP13.00$g0$hC$5Uk
=ACF  \\$aPrevious Copyright Fee: GBP13.00$c0$e01-jul-2011$fGBP13.00$g0$hC$5Uk
=ACF  \\$aPrevious Copyright Fee: GBP13.00$c0$e01-apr-2011$fGBP13.00$g0$hC$5Uk
=ACF  \\$aPrevious Copyright Fee: GBP13.00$c0$e01-jan-2011$fGBP13.00$g0$hC$5Uk
=ACF  \\$aBritish Library not licensed to copy$c0$e01-oct-2010$hC$iCLA Excluded$5Uk
=ACF  \\$aBritish Library not licensed to copy$c0$e01-jul-2010$hC$iCLA Excluded$5Uk
=ACF  \\$aBritish Library not licensed to copy$c0$e01-apr-2010$hC$iCLA Excluded$5Uk
=ACF  \\$aBritish Library not licensed to copy$c0$e01-Jan-2010$hC$iCLA Excluded$5Uk
=ACF  \\$aPrevious Copyright Fee: GBP13.00$c0$e01-oct-2009$fGBP13.00$g0$hC$5Uk
=ACF  \\$aPrevious Copyright Fee: GBP13.00$c0$e01-jul-2009$fGBP13.00$g0$hC$5Uk
=ACF  \\$aPrevious Copyright Fee: GBP13.00$c0$e01-apr-2009$fGBP13.00$g0$hC$5Uk
=ACF  \\$aPrevious Copyright Fee: GBP13.00$c0$e01-jan-2009$fGBP13.00$g0$hC$5Uk
=ACF  \\$aPrevious Copyright Fee: GBP13.00$c0$e01-oct-2008$fGBP13.00$g0$hC$5Uk
=ACF  \\$aPrevious Copyright Fee: GBP13.00$c0$e01-jul-2008$fGBP13.00$g0$hC$5Uk
=ACF  \\$aPrevious Copyright Fee: GBP13.00$c0$e01-apr-2008$fGBP13.00$g0$hC$5Uk
=ACF  \\$aPrevious Copyright Fee: GBP13.00$c0$e01-jan-2008$fGBP13.00$g0$hC$5Uk
=ACF  \\$aPrevious Copyright Fee: GBP13.00$c0$e01-oct-2007$fGBP13.00$g0$hC$5Uk
=ACF  \\$aPrevious Copyright Fee: GBP13.00$c0$e01-jul-2007$fGBP13.00$g0$hC$5Uk
=ACF  \\$aPrevious Copyright Fee: GBP13.00$c0$e01-apr-2007$fGBP13.00$g0$hC$5Uk
=ACF  \\$aPrevious Copyright Fee: GBP13.00$c0$e01-jan-2007$fGBP13.00$g0$hC$5Uk
=ACF  \\$aPrevious Copyright Fee: GBP13.00$c0$e01-oct-2006$fGBP13.00$g0$hC$5Uk
=ACF  \\$aPrevious Copyright Fee: GBP13.00$c0$e01-jul-2006$fGBP13.00$g0$hC$5Uk
=ACF  \\$aPrevious Copyright Fee: GBP13.00$c0$e01-apr-2006$fGBP13.00$g0$hC$5Uk
=ACF  \\$aPrevious copyright fee: GBP0.95$c0$e01-apr-2003$fGBP0.95$g0$hC$5Uk
=ACF  \\$aCurrent copyright fee: GBP5.00$c0$e01-jul-2002$fGBP5.00$g0$hC$5Uk
=ACF  \\$aCurrent copyright fee: GBP12.00$c0$e01-jul-2001$fGBP12.00$g0$hC$5Uk
=ACF  \\$aPrevious Copyright Fee: GBP13.00$c0$e01-jul-2012$fGBP13.00$g0$hC$5Uk
=ACF  \\$aBritish Library not licensed to copy$c0$e01-oct-2012$hC$iCFP Excluded$5Uk
=ACF  \\$aBritish Library not licensed to copy$c0$e01-jan-2014$hC$iCFP Excluded$5Uk
=ACF  \\$aPrevious Copyright Fee: GBP25.00$c0$e01-jul-2019$fGBP25.00$g0$hC$5Uk
=ACF  \\$aBritish Library not licensed to copy$c0$e01-jul-2020$hC$iCFP Excluded$5Uk
=ACF  \\$aPrevious Copyright Fee: GBP45.00$c0$e01-apr-2022$fGBP45.00$g0$hC$5Uk
=LAS  \\$aIPL-CLA$b00$c20230210$lBLL01$h0049

