=LDR  02241 am a2200637ui 4500
=001  009534073
=003  Uk
=005  20141221163200.0
=008  741101s1974\\\\enkac\\\|c\\\\001\|\eng\\
=FMT  \\$a  BK
=015  \\$aGB7427216$2bnb
=019  y\$aB7427216
=019  9\$a0112900933
=019  2\$a0112900933
=019  s\$aoagh18455
=020  \\$a0112900933 :$c£25.00
=040  \\$aUk$cUk
=043  \\$ae-ukelo
=050  00$aN1090
=082  04$a704.94/2/07402132$218
=082  04$a704.9/42/07402132$219
=110  20$aNational Portrait Gallery (Great Britain)
=245  10$aEarly Victorian portraits /$cNational Portrait Gallery ; [text by] Richard Ormond.
=260  \\$aLondon :$bH.M.S.O.,$c1973 [i.e. 1974]
=300  \\$a2v.(xi,626p.,plate;[403]p. of plates) :$bill(on lining papers), ports.(some col) ;$c29cm.
=336  \\$atext$2rdacontent
=337  \\$aunmediated$2rdamedia
=338  \\$avolume$2rdacarrier
=500  \\$aIn slip case. - Some col. ports tipped in.
=500  \\$aIncludes index.
=597  \\$aDLC$b75306362
=610  24$aNational Portrait Gallery (Great Britain)$xCatalogs.
=650  \0$aPortraits, Victorian$xCatalogs.
=650  \0$aPortraits$zEngland$zLondon$xCatalogs.
=653  \\$aPortraits$ahistory$aCatalogues
=700  1\$aOrmond, Richard.
=886  2\$2ukmarc$a910$b10$aGreat Britain$cNational Portrait Gallery$xSee$aNational Portrait Gallery$x(Great Britain)$z110
=886  2\$2blmarc$a967$b00$gx
=852  11$aBritish Library$bHMNTS$kBS.$h4/86
=852  11$aBritish Library$bHMNTS$cSPHOA$kHLR$h704.942$3[Another copy]***[Another copy]
=852  41$aBritish Library$bOC$jW 3673$3[Another copy.]
=957  \\$a741014C
=957  \\$a800915P
=958  \\$aX.425/1759
=CAT  \\$aCONV$b00$c20040425$lBLL90$h0847
=CAT  \\$aCONV$b00$c20040502$lBLL01$h1329
=CAT  \\$aglobal_upd$b40$c20060417$lBLL01$h1710
=CAT  \\$aBATCH$b00$c20091209$lBLL01$h0436
=CAT  \\$aBATCH$b00$c20091214$lBLL01$h0518
=CAT  \\$aBATCH-UPD$b00$c20141221$lBLL01$h1632
=FIN  \\$aY
=LEO  \\$aMP3.0000022463
=LEO  \\$aMP13.0001377653
=SRC  \\$aBNB02$bbibmp3.200404.2.aa
=SRC  \\$aHSS01$bbibmp13.200404.2.ac
=LAS  \\$aBATCH-UPD$b00$c20141221$lBLL01$h1632

