=LDR  02542 am a2200709ua 4500
=001  009534273
=003  Uk
=005  20131216132329.0
=008  020701s2002\\\\enk\\\\||\\\\\001\||eng\\
=FMT  \\$a  BK
=015  \\$aGBA2X6227$2bnb
=019  y\$abA2X6227
=019  9\$a0141004428
=019  1\$a0141004428
=019  s\$aoagh21213
=020  \\$a9780141004426
=020  \\$a014051502X
=020  \\$a0141004428 :$c£16.99
=039  0\$a2698
=040  \\$aStDuBDS$dUk
=082  04$a423.1$221
=245  00$aRoget's thesaurus of English words and phrases.
=250  \\$a150th anniversary ed. /$bedited by George Davidson.
=260  \\$aLondon :$bPenguin,$c2002.
=300  \\$alvii, 1232 p. ;$c24cm.
=336  \\$atext$2rdacontent
=337  \\$aunmediated$2rdamedia
=338  \\$avolume$2rdacarrier
=500  \\$aPrevious ed.: 2000.
=500  \\$aIncludes index.
=650  \0$aEnglish language$xSynonyms and antonyms.
=650  \0$aEnglish language$vTerms and phrases.
=700  1\$aDavidson, George W.
=886  2\$2ukmarc$a900$b10$aDavidson$hG. W.$xSee$aDavidson, George W.$z700
=886  2\$2ukmarc$a900$b10$aDavidson$hGeorge$c1949-$xSee$aDavidson, George W.$z700
=886  2\$2ukmarc$a900$b10$aDavidson$hG.$kGeorge$c1949-$xSee$aDavidson, George W.$z700
=852  11$aBritish Library$bSTI$k(B)$h423.1$mEnquiry Desk 2S
=852  11$aBritish Library$bSTI$k(B)$h423.1$mEnquiry Desk Science 3
=852  11$aBritish Library$bHMNTS$cSPHOA$kHLD$mENG
=852  11$aBritish Library$bSTI$k(B)$h423.1$mEnquiry Desk Science 2
=852  41$aBritish Library$bDSC$jQ423.1
=852  11$aBritish Library$bHMNTS$cSPHOA$kHUD$mENG
=852  41$aBritish Library$bHMNTS$jYC.2002.a.10183
=852  41$aBritish Library$bHMNTS$jHLR Enq Desk.423.1$3[Another copy]
=852  11$aBritish Library$bHMNTS$cSPHOA$kHLR Enquiry Desk$h423.1$3[Another copy]
=852  11$aBritish Library$bHMNTS$cSPHOA$kHLR$h423.1$3[Another copy]
=957  \\$r25/6/02$tM/31660-21
=957  \\$r9/8/03$tM/35566-21
=CAT  \\$aCONV$b00$c20040425$lBLL90$h0847
=CAT  \\$aCONV$b00$c20040502$lBLL01$h1329
=CAT  \\$a5375$b40$c20051021$lBLL01$h1136
=CAT  \\$aBATCH$b00$c20091122$lBLL01$h1201
=CAT  \\$a9701$b40$c20131216$lBLL01$h1323
=FIN  \\$aY
=LDO  \\$aCIP$bhbk
=LDO  \\$aCIP$bpbk
=LEO  \\$aMP5.0000087999
=LEO  \\$aMP13.0001411889
=SRC  \\$aLDS01$bbiblm.200404.2.aa
=SRC  \\$aBNB03$bbibmp5.200404.2.aa
=SRC  \\$aHSS01$bbibmp13.200404.2.ac
=LAS  \\$a9701$b40$c20131216$lBLL01$h1323

