=LDR  02491cam a2200685 a 4500
=001  009534795
=003  Uk
=005  20220331214723.0
=008  960909s1996\\\\enk\\\\\\bd\\\000\0\eng\\
=FMT  \\$a  BK
=010  \\$a95032369
=015  \\$aGB9664259$2bnb
=019  y\$ab9664259
=019  9\$a0198642261
=019  1\$a0198642261
=019  s\$aoagh18240
=020  \\$a9780198642268 :$c£100.00
=020  \\$a0198642261 :$c£100.00
=035  \\$a(StEdNL)E000023360
=039  0\$a2407
=040  \\$aStEdNL$dUk
=041  0\$aeng$agre
=082  04$a483.21$220
=100  1\$aLiddell, Henry George,$d1811-1898.
=245  12$aA Greek-English lexicon /$ccompiled by Henry George Liddell and Robert Scott.
=250  \\$a9th ed., rev. and augm. throughout /$bby Henry Stuart Jones ; with the assistance of Roderick McKenzie and with the cooperation of many scholars.
=260  \\$aOxford :$bClarendon Press,$c1996.
=300  \\$axlv, 2042, 320 p. ;$c30 cm.
=336  \\$atext$2rdacontent
=337  \\$aunmediated$2rdamedia
=338  \\$avolume$2rdacarrier
=500  \\$a"With a revised supplement, 1996.".
=500  \\$a9th ed. originally published, 1940.
=504  \\$aIncludes bibliographical references.
=540  \\$aCurrent Copyright Fee: GBP22.50$c0$5Uk
=650  \0$aGreek language$xDictionaries$xEnglish.
=700  1\$aScott, Robert,$d1811-1887.
=700  1\$aJones, Henry Stuart,$d1867-1939.
=700  1\$aMcKenzie, Roderick,$d1887-1937.
=852  41$aBritish Library$bDSC$jQ483.21
=852  11$aBritish Library$bHMNTS$cSPHOA$kHUD$mGRE
=852  41$aBritish Library$bHMNTS$jYK.1996.b.14990
=852  11$aBritish Library$bHMNTS$cSPHOA$kHLR$h483$3[Another copy.]
=985  \\$aUpgraded by BSS-generated file for WR2011-1473
=CAT  \\$aCONV$b00$c20040425$lBLL90$h0847
=CAT  \\$aCONV$b00$c20040502$lBLL01$h1329
=CAT  \\$a6632$b40$c20051115$lBLL01$h1216
=CAT  \\$a8964$b40$c20080508$lBLL01$h1551
=CAT  \\$aBATCH$b00$c20091122$lBLL01$h1201
=CAT  \\$a8874$b40$c20110916$lBLL01$h0929
=CAT  \\$aW2011-1473$b00$c20201124$lBLL01$h1837
=CAT  \\$aBATCH-CLAB$c20220330$lBLL01$h1640
=CAT  \\$aIPL-CLA$c20220331$lBLL01$h2147
=CFI  0\$aCurrent Copyright Fee: GBP22.50$c0$e01-apr-2022$fGBP22.50$g0$hC$5Uk
=FIN  \\$aY
=LEO  \\$aMP5.0000922308
=LEO  \\$aMP13.0001444558
=SRC  \\$aBNB03$bbibmp5.200404.2.ab
=SRC  \\$aHSS01$bbibmp13.200404.2.ac
=LAS  \\$aIPL-CLA$b00$c20220331$lBLL01$h2147

