=LDR  02061aam a2200625 i 4500
=001  009535491
=003  Uk
=005  20160126155406.0
=008  930420s1992\\\\enka\\\\\be\\\000\0\eng\\
=FMT  \\$a  BK
=015  \\$aGB9248366$2bnb
=019  y\$ab9248366
=019  9\$a0333529847
=019  a\$aG01645588
=019  1\$a0333529847
=019  s\$aoagh17203
=020  \\$a0333529847 (hardback) :$c£49.50
=039  0\$a2236
=040  \\$aUk$cUk$dUk$dUk$erda
=042  \\$aukblsr
=082  04$a072.03$223
=245  04$aThe Encyclopedia of the British press 1422-1992 /$cedited by Dennis Griffiths.
=264  \1$aLondon :$bMacmillan,$c1992.
=300  \\$aix 694 pages :$billustrations (black and white) ;$c26 cm
=336  \\$atext$2rdacontent
=337  \\$aunmediated$2rdamedia
=338  \\$avolume$2rdacarrier
=504  \\$aIncludes bibliographical references.
=650  \0$aPress$zGreat Britain$xHistory$vEncyclopedias.
=700  1\$aGriffiths, Dennis,$eeditor.
=852  41$aBritish Library$bHMNTS$jYD.2016.b.91
=852  41$aBritish Library$bHMNTS$cSPHOA$kNRR$h072
=852  41$aBritish Library$bDSC$jm07/.31546
=852  41$aBritish Library$bHMNTS$jYC.1993.b.3186
=852  11$aBritish Library$bHMNTS$cSPHOA$kHUR$h072$3[Another copy]***[Another copy.]
=852  41$aBritish Library$bHMNTS$cSPHOA$kRAR Enquiry Desk
=957  \\$a931015p
=958  \\$aBar.T.16.a.20c
=966  \\$lACQUIS
=CAT  \\$aCONV$b00$c20040425$lBLL90$h0847
=CAT  \\$aCONV$b00$c20040502$lBLL01$h1329
=CAT  \\$aglobal_upd$b40$c20060417$lBLL01$h0820
=CAT  \\$aBATCH$b00$c20091122$lBLL01$h1202
=CAT  \\$aNSB-MIG$c20140215$lBLL01$h0217
=CAT  \\$aNSB-MIG$c20140215$lBLL01$h0223
=CAT  \\$a5751$b40$c20160126$lBLL01$h1554
=FIN  \\$aY
=FIN  \\$aY$d20160126
=LEO  \\$aMP5.0000976221
=LEO  \\$aMP8.0000798915
=LEO  \\$aMP13.0001549504
=SRC  \\$aBNB03$bbibmp5.200404.2.ab
=SRC  \\$aDSC01$bbibmp8.200404.2.ab
=SRC  \\$aHSS01$bbibmp13.200404.2.ac
=LAS  \\$a5751$b40$c20160126$lBLL01$h1554

