=LDR  02271 am a2200661ua 4500
=001  009536151
=003  Uk
=005  20180921210700.0
=008  830816s1983\\\\enkabce||\\\\\001\||eng\\
=FMT  \\$a  BK
=010  \\$a67012845
=015  \\$aGB8307513$2bnb
=019  y\$aB8307513
=019  9\$a0521246997
=019  2\$a0521246997
=019  s\$aoagh01233
=020  \\$a052120092X (pt.1) :$c£37.50
=020  \\$a0521246938 (pt.2) :$c£37.50
=020  \\$a0521246997 :$cUnpriced
=039  0\$a1754
=040  \\$aUk$cUk
=043  \\$aa-ir---
=050  00$aDS272
=082  04$a955$218
=082  04$a955$219
=245  04$aThe Cambridge history of Iran.$nVol.3,$pThe Seleucid, Parthian and Sasanian periods /$cedited by Ehsan Yarshater.
=260  \\$aCambridge :$bCambridge University Press,$c1983.
=300  \\$a2 v. (lxxv,1488p.,148p. of plates) :$bill(some col.), maps,plans,ports. ;$c24cm.
=336  \\$atext$2rdacontent
=337  \\$aunmediated$2rdamedia
=338  \\$avolume$2rdacarrier
=500  \\$aBibliography: p1284-1396. _ Includes index.
=651  \0$aIran$xHistory.
=653  \\$aIran
=700  1\$aYarshater, Ehsan,$d1920-2018.
=886  2\$2blmarc$a967$b00$gx
=852  41$aBritish Library$bDSC$j83/13850$qCopy at 83/13850. Mislaid.$3Volume 3:Part 2
=852  11$aBritish Library$bHMNTS$kHLR$h955
=852  41$aBritish Library$bOC$jV 16941$3[Another copy.]
=852  41$aBritish Library$bOC$j15008.e.15$3[Another copy.]
=852  11$aBritish Library$bOC$cSPHOA$kOIG$h955$3[Another copy.]
=CAT  \\$aCONV$b00$c20040425$lBLL90$h0847
=CAT  \\$aCONV$b00$c20040502$lBLL01$h1329
=CAT  \\$aBATCH-UPD$b00$c20060726$lBLL01$h2131
=CAT  \\$aUCB-HOL$b00$c20070921$lBLL01$h1609
=CAT  \\$aBATCH$b00$c20070921$lBLL01$h1912
=CAT  \\$aBATCH$b00$c20071123$lBLL01$h0102
=CAT  \\$aBATCH$b00$c20091122$lBLL01$h1202
=CAT  \\$aBATCH-UPD$b00$c20100212$lBLL01$h1837
=CAT  \\$aBATCH-UPD$b00$c20100424$lBLL01$h2021
=CAT  \\$aBATCH-UPD$b00$c20180921$lBLL01$h2107
=FIN  \\$aY
=LEO  \\$aMP5.0000630079
=LEO  \\$aMP13.0001688885
=SRC  \\$aBNB03$bbibmp5.200404.2.ab
=SRC  \\$aHSS01$bbibmp13.200404.2.ac
=SRC  \\$aUCB 2007
=LAS  \\$aBATCH-UPD$b00$c20180921$lBLL01$h2107

