=LDR  02452 am a2200721 a 4500
=001  009536190
=003  Uk
=005  20061003145122.0
=008  870126m19861988enk\\\\\\\\\\\001\0\eng\\
=FMT  \\$a  BK
=015  \\$aGB8616953$2bnb
=019  y\$ab8616953
=019  9\$a0521268443
=019  1\$a0521268443
=019  s\$aoans01471
=020  \\$a9780521268448 (v. 1 : cased) :$c£19.50
=020  \\$a0521268443 (v. 1 : cased) :$c£19.50
=020  \\$a9780521027960 (v. 1 : pbk.) :$cNo price
=020  \\$a0521027969 (v. 1 : pbk.) :$cNo price
=020  \\$a9780521331555 (v. 2 : cased) :$cNo price
=020  \\$a0521331552 (v. 2 : cased) :$cNo price
=020  \\$a9780521027984 (v. 2 : pbk.) :$cNo price
=020  \\$a0521027985 (v. 2 : pbk.) :$cNo price
=039  0\$a1924
=040  \\$aUk$cUk
=042  \\$aukblsr
=050  00$aML2500
=082  04$a782.42$222
=245  00$aSong on record /$cedited by Alan Blyth.
=260  \\$aCambridge :$bCambridge University Press,$c1986.
=300  \\$a2 v. ;$c24 cm.
=336  \\$atext$2rdacontent
=337  \\$aunmediated$2rdamedia
=338  \\$avolume$2rdacarrier
=500  \\$aIncludes index.
=505  0\$a1. Lieder -- 2. [without special title]
=650  \0$aSongs$xDiscography.
=650  \0$aSound recordings$vReviews.
=653  \\$aSongs$aSound recordings$ato 1986
=700  1\$aBlyth, Alan.
=852  41$aBritish Library$bDSC$j87/07290$ivol. 1
=852  41$aBritish Library$bDSC$j88/27292$ivol. 2
=852  41$aBritish Library$bHMNTS$jYM.1988.b.363$ivol. 2
=852  11$aBritish Library$bHMNTS$cSPHOA$kHUS$h782.42026609$3[Another copy.]
=852  41$aBritish Library$bHMNTS$ivol. 2
=852  41$aBritish Library$bHMNTS$ivol. 1
=852  41$aBritish Library$bHMNTS$jYM.1987.b.32$ivol. 1
=852  11$aBritish Library$bHMNTS$cSPHOA$kHUS$h782.42026609$3[Another copy.]
=966  \\$lACQUIS
=CAT  \\$aCONV$b00$c20040425$lBLL90$h0847
=CAT  \\$aCONV$b00$c20040502$lBLL01$h1329
=CAT  \\$a11250$b40$c20061003$lBLL01$h1417
=CAT  \\$a11250$b40$c20061003$lBLL01$h1451
=CAT  \\$aBATCH$b00$c20091209$lBLL01$h0436
=CAT  \\$aBATCH$b00$c20091214$lBLL01$h0519
=FIN  \\$aY
=LEO  \\$aMP5.0001057010
=LEO  \\$aMP13.0001690003
=LEO  \\$aMP8.0000241982
=SRC  \\$aDSC01$bbibmp8.200404.2.aa
=SRC  \\$aBNB03$bbibmp5.200404.2.ab
=SRC  \\$aHSS01$bbibmp13.200404.2.ac
=LAS  \\$aBATCH$b00$c20091214$lBLL01$h0519

