=LDR  02025 am a22006375a 4500
=001  009536380
=003  Uk
=005  20060223120922.0
=008  030721s2003\\\\stka\\\||d\\\\000\||eng\\
=FMT  \\$a  BK
=015  \\$aGBA352694$2bnb
=019  y\$abA352694
=019  9\$a055010013x
=019  y\$abA354356
=019  9\$a0550101055
=019  1\$a055010013x
=019  s\$aoagh21495
=020  \\$a055010013X
=035  \\$a(StEdNL)E3518138
=035  \\$a(StEdNL)E3519329
=039  0\$a2772
=040  \\$aStEdNL$dUk
=082  04$a423
=130  0\$aChambers English dictionary.
=245  14$aThe Chambers dictionary.
=250  \\$aNew 9th ed.
=260  \\$aEdinburgh :$bChambers,$c2003.
=300  \\$axxix, 1825 p. :$bill. ;$c28 cm.
=336  \\$atext$2rdacontent
=337  \\$aunmediated$2rdamedia
=338  \\$avolume$2rdacarrier
=500  \\$aOriginally published as: Chambers's twentieth century dictionary. 1901; published as: Chambers English dictionary. 1988.
=650  \0$aEnglish language$vDictionaries.
=730  0\$aChambers's twentieth century dictionary.
=852  11$aBritish Library$bHMNTS$cSPHOA$kHLD$hENG
=852  11$aBritish Library$bHMNTS$cSPHOA$kHUD$mENG
=852  41$aBritish Library$bHMNTS$jYC.2003.b.2886
=852  11$aBritish Library$bHMNTS$cSPHOA$kHLR$h423$3[Another copy]***[Another copy.]
=957  \\$r9/7/03$tM/35269-48
=AQN  \\$aREC UNDER ISBN: 0-550-10013-X (SAME TITLE)
=AQN  \\$adup rec 16/7/03 (thumb-index)
=CAT  \\$aCONV$b00$c20040425$lBLL90$h0847
=CAT  \\$aCONV$b00$c20040502$lBLL01$h1329
=CAT  \\$a9523$b40$c20060223$lBLL01$h1209
=CAT  \\$aBATCH$b00$c20091122$lBLL01$h1202
=FIN  \\$aY
=LDO  \\$aCIP$c1/7/03
=LDO  \\$aCIP$bhbk
=LEO  \\$aMP5.0000172089
=LEO  \\$aMP5.0000172121
=LEO  \\$aMP13.0001707638
=NEG  \\$aNegative
=SRC  \\$aLDS01$bbiblm.200404.2.aa
=SRC  \\$aBNB03$bbibmp5.200404.2.aa
=SRC  \\$aHSS01$bbibmp13.200404.2.ac
=LAS  \\$aBATCH$b00$c20091122$lBLL01$h1202

