=LDR  01963cam a2200565 a 4500
=001  009539237
=003  Uk
=005  20220426125507.0
=008  891006m19791988enk\\\\\\c\\\\000\0\eng\\
=FMT  \\$a  BK
=010  \\$a79040543
=019  2\$a0862910005
=019  s\$aoabl00414
=019  o\$aB05050685
=019  o\$aB05050686
=020  \\$a085157520X
=020  \\$a0862910005
=040  \\$aUk$cUk$dUk
=082  00$a018.1$219
=110  2\$aBritish Library.
=245  14$aThe British Library general catalogue of printed books to 1975.
=246  18$aBLC to 1975
=260  \\$aLondon :$bBingley :$bSaur,$c1979-1988.
=300  \\$a360 v. +$e6 supplementary vols.
=336  \\$atext$2rdacontent
=337  \\$aunmediated$2rdamedia
=338  \\$avolume$2rdacarrier
=610  20$aBritish Library.$bDepartment of Printed Books$vCatalogs.
=852  41$aBritish Library$bHMNTS$jW.207.
=852  41$aBritish Library$bHMNTS$jW.907$qCopy at W.907. With some volumes interleaved and bound in two parts.
=852  11$aBritish Library$bOC$cSPHOA$kOIN$h017.21
=852  11$aBritish Library$bHMNTS$jYD.2019.b.1206
=852  11$aBritish Library$bHMNTS$cSPHOA$kHLC$h017.21$mBRI
=852  41$aBritish Library$bHMNTS$cSPHOA$kOPL
=852  11$aBritish Library$bHMNTS$cSPHOA$kHLC$h017.21$mBMC
=852  11$aBritish Library$bHMNTS$cSPHOA$kRAC$h000
=985  \\$aRecord amended for WR# 13/070
=CAT  \\$aCONV$b00$c20040425$lBLL90$h0847
=CAT  \\$aCONV$b00$c20040502$lBLL01$h1329
=CAT  \\$a8874$b40$c20070803$lBLL01$h1154
=CAT  \\$aBATCH$b00$c20091209$lBLL01$h0436
=CAT  \\$aBATCH$b00$c20091214$lBLL01$h0519
=CAT  \\$aWR13_070$b00$c20130504$lBLL01$h0203
=CAT  \\$a8874$b40$c20211014$lBLL01$h0803
=CAT  \\$a8874$b40$c20220426$lBLL01$h1255
=FIN  \\$aY
=LEO  \\$aMP13.0002119775
=SRC  \\$aHSS01$bbibmp13.200404.2.ad
=SRC  \\$aDSC Official Publications$bopgb.mrc
=LAS  \\$a8874$b40$c20220426$lBLL01$h1255

