=LDR  02011 am a2200601ua 4500
=001  009539912
=003  Uk
=005  20091122120400.0
=008  821025s1982\\\\enkb\\\||\\\\\000\||eng\\
=FMT  \\$a  BK
=015  \\$aGB8234551$2bnb
=019  y\$aB8234551
=019  9\$a0907099165
=019  1\$a0907099165
=019  s\$aoasp02360
=020  \\$a0907099165 (pbk) :$c£1.00
=039  0\$a1712
=040  \\$aUk$cUk
=043  \\$ae-uke--
=050  00$aCD1040
=082  04$a027.5/025/42$218
=082  04$a027.5/025/42$219
=100  1\$aGibson, Jeremy Sumner Wycherley.
=245  10$aRecord offices :$bhow to find them /$cJeremy Gibson and Pamela Peskett.
=250  \\$a2nd ed.
=260  \\$aPlymouth :$bFederation of Family History Societies,$c1982.
=300  \\$a44p. :$bmaps ;$c21cm.
=336  \\$atext$2rdacontent
=337  \\$aunmediated$2rdamedia
=338  \\$avolume$2rdacarrier
=500  \\$aPrevious ed.: 1981.
=500  \\$aText and maps on inside covers.
=650  \0$aArchives$zEngland$xDirectories.
=653  \\$aEngland$aRecord repositories
=700  1\$aPeskett, Pamela.
=710  2\$aFederation of Family History Societies.
=886  2\$2ukmarc$a900$b10$aFFHS$xSee$aFederation of Family History Societies$z110
=886  2\$2ukmarc$a900$b10$aFFHS$xSee$aFederation of Family History Societies$z710
=852  41$aBritish Library$bHMNTS$jX.809/52963
=852  11$aBritish Library$bHMNTS$kOPL$hEnquiry Desk$3[Another copy]
=852  11$aBritish Library$bHMNTS$cSPHOA$kOPQ$h942.0076$3[Another copy]
=957  \\$a830530p
=CAT  \\$aCONV$b00$c20040425$lBLL90$h0847
=CAT  \\$aCONV$b00$c20040502$lBLL01$h1329
=CAT  \\$a5100$b40$c20080227$lBLL01$h0903
=CAT  \\$aBATCH-UPD$b40$c20080227$lBLL01$h0904
=CAT  \\$aBATCH$b00$c20091122$lBLL01$h1204
=FIN  \\$aY
=LEO  \\$aMP5.0000737951
=LEO  \\$aMP13.0002206288
=SRC  \\$aBNB03$bbibmp5.200404.2.ab
=SRC  \\$aHSS01$bbibmp13.200404.2.ad
=LAS  \\$aBATCH$b00$c20091122$lBLL01$h1204

