=LDR  03078 am a2200865 a 4500
=001  009539925
=003  Uk
=005  20071203110232.0
=008  940323m19919999wlkabc\\\b\\\\001\0\eng\\
=FMT  \\$a  BK
=010  \\$a   93111027 
=015  \\$aGB9129114$2bnb
=016  7\$a009539925$2Uk
=019  y\$ab9129114
=019  9\$a090715851x
=019  g\$aadv010054259X
=019  a\$aG01679082
=019  1\$a090715851x
=019  s\$aoagh16263
=020  \\$a090715851X (v. 1-3) :$cNo price
=020  \\$a9781862250444 (v. 4) :$cNo price
=020  \\$a1862250448 (v. 4) :$cNo price
=039  0\$a2178
=040  \\$aNBSCCM$dUk
=042  \\$aukblsr
=043  \\$ae-uk-wl
=050  00$aCR1641$b.S57 1991
=082  00$a929.609429$222
=100  1\$aSiddons, Michael Powell.
=245  14$aThe development of Welsh heraldry /$cMichael Powell Siddons.
=260  \\$aAberystwyth :$bNational Library of Wales,$c1991-
=300  \\$av. :$bill. (some col.), maps, ports. ;$c26 cm.
=336  \\$atext$2rdacontent
=337  \\$aunmediated$2rdamedia
=338  \\$avolume$2rdacarrier
=504  \\$aIncludes bibliographical references and index.
=505  1\$av. 3. [An ordinary of Welsh arms together with mottoes of Welsh families and an index of the place-names mentioned in the armorial in volume 2] -- v. 4. Supplementary volume containing continuation down to 1700 together with additional material.
=650  \0$aHeraldry$zWales.
=852  41$aBritish Library$bHMNTS$jYC.2007.b.1104$ivol. 4
=852  41$aBritish Library$bHMNTS$cSPHOA$ivol. 2
=852  11$aBritish Library$bHMNTS$cSPHOA$kHLR$h929.609429$ivol. 4
=852  11$aBritish Library$bHMNTS$cSPHOA$kHLR$h929.609429$ivol. 3
=852  41$aBritish Library$bDSC$jGPC/05670$ivol. 3
=852  41$aBritish Library$bDSC$jGPC/03836$ivol. 2
=852  41$aBritish Library$bDSC$jGPC/01927$ivol. 1
=852  11$aBritish Library$bHMNTS$cSPHOA$kHLR$h929.609429$3Vols. 1 and 2
=852  41$aBritish Library$bHMNTS$jYC.2007.b.1580$ivol. 3
=958  \\$a2102.e
=966  \\$lSPACQ
=CAT  \\$aCONV$b00$c20040425$lBLL90$h0847
=CAT  \\$aCONV$b00$c20040502$lBLL01$h1329
=CAT  \\$aglobal_upd$b40$c20060417$lBLL01$h0821
=CAT  \\$a11009$b40$c20070621$lBLL01$h1244
=CAT  \\$a8874$b40$c20070912$lBLL01$h0733
=CAT  \\$a11009$b40$c20071203$lBLL01$h1102
=CAT  \\$aBATCH$b00$c20091209$lBLL01$h0436
=CAT  \\$aBATCH$b00$c20091214$lBLL01$h0519
=CAT  \\$aWR16_021$c20160609$lBLL01$h1952
=FIN  \\$aY
=LEO  \\$aMP5.0001319264
=LEO  \\$aMP8.0000815218
=LEO  \\$aMP13.0002206902
=LEO  \\$aMP5.0001480258
=LEO  \\$aMP5.0000813241
=LEO  \\$aMP5.0000041256
=LEO  \\$aMP8.0001105062
=LEO  \\$aMP8.0001033230
=LEO  \\$aMP5.0000820710
=SRC  \\$aBNB03$bbibmp5.200404.2.ac
=SRC  \\$aDSC01$bbibmp8.200404.2.ab
=SRC  \\$aHSS01$bbibmp13.200404.2.ad
=SRC  \\$aBLL02$bpart.2.ar
=SRC  \\$aBNB03$bbibmp5.200404.2.ab
=SRC  \\$aBNB03$bbibmp5.200404.2.aa
=LAS  \\$aWR16_021$b00$c20160609$lBLL01$h1952

