=LDR  08336cas a22016817a 4500
=001  009544573
=003  Uk
=005  20230210004943.0
=007  ta
=008  770929c19929999enkar\p\\\\\\\0\\\a0eng\\
=FMT  \\$a  SE
=016  \\$a009544573
=019  g\$aadv0101129173
=019  a\$aG02621651
=019  c\$a2177385
=019  2\$aiolv06947
=019  s\$aoaoc00625
=022  0\$a0083-9256$202
=040  \\$aUk$cUk$dUk
=042  \\$aissnuk
=082  04$a032.02
=210  0\$aWhitaker's alm.
=222  \0$aWhitaker's almanack
=245  00$aWhitaker's almanack.
=246  1\$iAlso known as:$aWhitaker's
=260  \\$aLondon :$bJ. Whitaker,$cc1992-
=260  2\$31998-2000$aLondon :$bStationery Office
=260  2\$32003-$aLondon :$bA & C Black
=264  31$aLondon :$bBloomsbury Yearbooks
=300  \\$av. :$bill. ;$c24 cm.
=310  \\$aAnnual
=336  \\$atext$2rdacontent
=337  \\$aunmediated$2rdamedia
=338  \\$avolume$2rdacarrier
=362  0\$a125th ed. (1993)-
=580  \\$aHas sister publication: Whitaker's concise almanack (-2013), Whitaker's concise (2014-)
=588  \\$aLatest issue consulted: 2019 (151st edition).
=595  \\$aLATEST DSC EDITION SHELVED IN DSC READING ROOM BSRR 001 QUICK REFERENCE SUPERSEDED EDITION SHELVED IN OFFICIAL PUBLICATIONS ID SEE ALSO SERIAL STORES FOR EARLIER EDITIONS SEE ALSO SERIAL RECORDS BOD AND OLIS.
=540  \\$aCurrent Copyright Fee: GBP25.00$c0$5Uk
=650  \0$aAlmanacs, English$vPeriodicals.
=780  00$tAlmanack for the year of our Lord ...
=787  1\$tWhitaker's concise almanack,$g-2013
=787  1\$tWhitaker's concise,$g2014-
=852  41$aBritish Library$bHMNTS$jNRR Enquiry Desk$32009-
=852  11$aBritish Library$bOC$cSPHOA$kOIA$h032.02$3Current issue only
=852  11$aBritish Library$bHMNTS$kHUR Tel Point$h032.02$3Current issue only.
=852  41$aBritish Library$bHMNTS$jZD.9.a.2659$32013.
=852  11$aBritish Library$bSTI$cBIPC$k(B) DIR$h032.02$mEnquiry Desk BIPC 1$3Current issue only
=852  41$aBritish Library$bHMNTS$jRAR Enquiry Desk$3Latest edition. Held at the Reference Enquiries Desk in the Rare Books and Music Reading Room.
=852  41$aBritish Library$bHMNTS$jOPL Enquiry Desk
=852  11$aBritish Library$bHMNTS$cSPHOA$kHLR Enquiry Desk$h032.02$3Current issue only.
=852  41$aBritish Library$bMAPS$jMaps Ref A.1(7)$3Current issue only
=852  41$aBritish Library$bDSC$j9311.000000$31872-2010***UKRR Retained Title***Stock Incomplete
=852  71$aBritish Library$bSTI$k(B)$hAA 31 Enquiry desk 2S$2blsrissc$32016
=852  41$aBritish Library$bHMNTS$jPP.2476.ba$3Ed. 125 ed. (1993)-
=945  \\$aWHITAKERS ALMANACK
=959  \\$fHeld but not currently received
=964  \\$a1868- [19 ?] *A=1$dO$eJA14
=966  \\$lACQUIS
=985  \\$aRecord merged by DQ team
=A02  \\$a2177385
=CAT  \\$aCONV$b00$c20040425$lBLL90$h0848
=CAT  \\$aIPL-CLA$c20120930$lBLL01$h2025
=CAT  \\$aBATCH-CLA$b00$c20121104$lBLL01$h1004
=CAT  \\$aWR13.005$c20130323$lBLL01$h1236
=CAT  \\$aBATCH-CLA$b00$c20130830$lBLL01$h1629
=CAT  \\$aIPL-CLA$c20130930$lBLL01$h1726
=CAT  \\$aBATCH-CLA$b00$c20131129$lBLL01$h1658
=CAT  \\$a10806$b40$c20131204$lBLL01$h1544
=CAT  \\$a10806$b40$c20131204$lBLL01$h1547
=CAT  \\$a10806$b40$c20131204$lBLL01$h1548
=CAT  \\$aIPL-CLA$c20131231$lBLL01$h2018
=CAT  \\$aBATCH-CLA$b00$c20140228$lBLL01$h1610
=CAT  \\$aIPL-CLA$c20140331$lBLL01$h1619
=CAT  \\$a10849$b40$c20140908$lBLL01$h0756
=CAT  \\$aWR16_021$c20160609$lBLL01$h1952
=CAT  \\$aBATCH-016$c20160905$lBLL01$h1705
=CAT  \\$a10806$b40$c20190327$lBLL01$h0748
=CAT  \\$a10806$b40$c20190327$lBLL01$h1154
=CAT  \\$aBATCH-CLA$b00$c20201126$lBLL01$h1403
=CAT  \\$aIPL-CLA$c20201231$lBLL01$h2004
=CAT  \\$aBATCH-CLA$b00$c20210227$lBLL01$h1015
=CAT  \\$aIPL-CLA$c20210331$lBLL01$h1836
=CAT  \\$aBATCH-CLA$b00$c20221130$lBLL01$h1454
=CAT  \\$aIPL-CLA$c20221231$lBLL01$h1918
=CAT  \\$aBATCH-CLA$b00$c20230209$lBLL01$h1540
=CAT  \\$aIPL-CLA$c20230210$lBLL01$h0049
=CFI  0\$aCurrent Copyright Fee: GBP25.00$c0$e09-feb-2023$fGBP25.00$g0$hC$5Uk
=CFI  2\$aBritish Library not licensed to copy$c0$e01-jan-2023$hC$iCFP Excluded$5Uk
=FIN  \\$aY
=LEO  \\$aMP10.0000610562
=LEO  \\$aMP22.0000003141
=LEO  \\$aMP13.0000565287
=LEO  \\$aMP8.0001209185
=LKR  \\$aPAR$b001147474$lBLL01$r78000$mWhitaker's almanack$nAn almanack for the year of our Lord ... /
=LKR  \\$aPAR$b016560712$lBLL01$r7871$mWhitaker's almanack$nWhitaker's concise
=SRC  \\$aHSS01$bbibmp13.200404.2.ab
=SRC  \\$aDSS01$bbibmp10.200404.2.aa
=SRC  \\$aISN01$bbibmp22.200404.2.aa
=SRC  \\$aDSC01$bbibmp8.200404.2.ab
=TCO  \\$aCLA$bCLA$c008
=ACF  \\$aPrevious Copyright Fee: GBP12.00$c0$e01-apr-2012$fGBP12.00$g0$hC$5Uk
=ACF  \\$aPrevious Copyright Fee: GBP12.00$c0$e01-jan-2012$fGBP12.00$g0$hC$5Uk
=ACF  \\$aPrevious Copyright Fee: GBP10.50$c0$e01-oct-2011$fGBP10.50$g0$hC$5Uk
=ACF  \\$aPrevious Copyright Fee: GBP10.50$c0$e01-jul-2011$fGBP10.50$g0$hC$5Uk
=ACF  \\$aPrevious Copyright Fee: GBP10.50$c0$e01-apr-2011$fGBP10.50$g0$hC$5Uk
=ACF  \\$aPrevious Copyright Fee: GBP10.50$c0$e01-jan-2011$fGBP10.50$g0$hC$5Uk
=ACF  \\$aPrevious Copyright Fee: GBP9.00$c0$e01-oct-2010$fGBP9.00$g0$hC$5Uk
=ACF  \\$aPrevious Copyright Fee: GBP9.00$c0$e01-jul-2010$fGBP9.00$g0$hC$5Uk
=ACF  \\$aPrevious Copyright Fee: GBP9.00$c0$e01-apr-2010$fGBP9.00$g0$hC$5Uk
=ACF  \\$aPrevious Copyright Fee: GBP9.00$c0$e01-Jan-2010$fGBP9.00$g0$hC$5Uk
=ACF  \\$aPrevious Copyright Fee: GBP6.00$c0$e01-oct-2009$fGBP6.00$g0$hC$5Uk
=ACF  \\$aPrevious Copyright Fee: GBP6.00$c0$e01-jul-2009$fGBP6.00$g0$hC$5Uk
=ACF  \\$aPrevious Copyright Fee: GBP6.00$c0$e01-apr-2009$fGBP6.00$g0$hC$5Uk
=ACF  \\$aPrevious Copyright Fee: GBP6.00$c0$e01-jan-2009$fGBP6.00$g0$hC$5Uk
=ACF  \\$aPrevious Copyright Fee: GBP6.00$c0$e01-oct-2008$fGBP6.00$g0$hC$5Uk
=ACF  \\$aPrevious Copyright Fee: GBP6.00$c0$e01-jul-2008$fGBP6.00$g0$hC$5Uk
=ACF  \\$aPrevious Copyright Fee: GBP6.00$c0$e01-apr-2008$fGBP6.00$g0$hC$5Uk
=ACF  \\$aPrevious Copyright Fee: GBP6.00$c0$e01-jan-2008$fGBP6.00$g0$hC$5Uk
=ACF  \\$aPrevious Copyright Fee: GBP5.00$c0$e01-oct-2007$fGBP5.00$g0$hC$5Uk
=ACF  \\$aPrevious Copyright Fee: GBP5.00$c0$e01-jul-2007$fGBP5.00$g0$hC$5Uk
=ACF  \\$aPrevious Copyright Fee: GBP5.00$c0$e01-apr-2007$fGBP5.00$g0$hC$5Uk
=ACF  \\$aPrevious Copyright Fee: GBP5.00$c0$e01-jan-2007$fGBP5.00$g0$hC$5Uk
=ACF  \\$aPrevious Copyright Fee: GBP5.00$c0$e01-oct-2006$fGBP5.00$g0$hC$5Uk
=ACF  \\$aPrevious Copyright Fee: GBP5.00$c0$e01-jul-2006$fGBP5.00$g0$hC$5Uk
=ACF  \\$aPrevious Copyright Fee: GBP5.00$c0$e01-apr-2006$fGBP5.00$g0$hC$5Uk
=ACF  \\$aPrevious Copyright Fee: GBP5.00$c0$e01-jan-2006$fGBP5.00$g0$hC$5Uk
=ACF  \\$aPrevious Copyright Fee: GBP5.00$c0$e01-oct-2005$fGBP5.00$g0$hC$5Uk
=ACF  \\$aPrevious Copyright Fee: GBP5.00$c0$e01-jul-2005$fGBP5.00$g0$hC$5Uk
=ACF  \\$aPrevious Copyright Fee: GBP5.00$c0$e01-apr-2005$fGBP5.00$g0$hC$5Uk
=ACF  \\$aPrevious Copyright Fee: GBP5.00$c0$e01-jan-2005$fGBP5.00$g0$hC$5Uk
=ACF  \\$aPrevious Copyright Fee: GBP5.00$c0$e01-oct-2004$fGBP5.00$g0$hC$5Uk
=ACF  \\$aPrevious copyright fee: GBP5.00$c0$e01-jul-2000$fGBP5.00$g0$hC$5Uk
=ACF  \\$aCurrent copyright fee: GBP2.50$c0$e01-jul-1998$fGBP2.50$g0$hC$5Uk
=ACF  \\$aCurrent copyright fee: GBP2.30$c0$e01-apr-1997$fGBP2.30$g0$hC$5Uk
=ACF  \\$aPrevious Copyright Fee: GBP12.00$c0$e01-jul-2012$fGBP12.00$g0$hC$5Uk
=ACF  \\$aPrevious Copyright Fee: GBP12.00$c0$e01-oct-2012$fGBP12.00$g0$hC$5Uk
=ACF  \\$aPrevious Copyright Fee: GBP15.00$c0$e01-oct-2013$fGBP15.00$g0$hC$5Uk
=ACF  \\$aPrevious Copyright Fee: GBP12.30$c0$e01-jan-2014$fGBP12.30$g0$hC$5Uk
=ACF  \\$aPrevious Copyright Fee: GBP15.00$c0$e01-apr-2014$fGBP15.00$g0$hC$5Uk
=ACF  \\$aPrevious Copyright Fee: GBP20.00$c0$e01-jan-2021$fGBP20.00$g0$hC$5Uk
=ACF  \\$aPrevious Copyright Fee: GBP22.50$c0$e01-apr-2021$fGBP22.50$g0$hC$5Uk
=LAS  \\$aIPL-CLA$b00$c20230210$lBLL01$h0049

