=LDR  01867 am a2200505ui 4500
=001  007299528
=003  Uk
=005  20141219132200.0
=008  781130s1972\\\\enk\\\\||\\\\o000\||eng\\
=FMT  \\$a  BK
=019  2\$ar6079855
=040  \\$aUk$cUk
=110  1\$aGreat Britain.$bPublic Record Office.
=245  14$aThe second world war :$ba guide to documents in the Public Record Office /$c[prepared by] L.Bell.
=260  \\$aLondon :$bH.M.S.O.,$c1972.
=300  \\$aix,303p. ;$c25cm.
=336  \\$atext$2rdacontent
=337  \\$aunmediated$2rdamedia
=338  \\$avolume$2rdacarrier
=490  0\$aPublic Record Office handbooks ;$vno.15
=610  14$aGreat Britain.$bPublic Record Office$xCatalogs.
=650  \0$aWorld War, 1939-1945$xSources$xBibliography$xCatalogs.
=700  1\$aBell, Lionel.
=886  2\$2ukmarc$a910$b20$aPublic Record Office$eGreat Britain$xSee$aGreat Britain.$xPublic Record Office$z110
=886  2\$2blmarc$a967$b00$gx
=852  41$aBritish Library$bMAPS$jMaps Ref.A.4.(18.)
=852  11$aBritish Library$bDSC$cQ$h940.5342
=852  41$aBritish Library$bOC$cSPHOA$kOIA$h940.53
=852  41$aBritish Library$bHMNTS$jOPL
=852  41$aBritish Library$bHMNTS$jBS:33/96$3[Another copy.]
=852  41$aBritish Library$bOC$jV 18189$3[Another copy.]
=957  \\$a7201D
=957  \\$a720105C
=CAT  \\$aCONV$b00$c20040425$lBLL90$h0740
=CAT  \\$aCONV$b00$c20040502$lBLL01$h1215
=CAT  \\$aglobal_upd$b40$c20060417$lBLL01$h1553
=CAT  \\$aBATCH-UPD$b40$c20061228$lBLL01$h2117
=CAT  \\$a5100$b40$c20070117$lBLL01$h0956
=CAT  \\$aBATCH$b00$c20091207$lBLL01$h0430
=CAT  \\$aBATCH$b00$c20091214$lBLL01$h0236
=CAT  \\$aBATCH-UPD$b00$c20141219$lBLL01$h1322
=FIN  \\$aY
=LEO  \\$aMP13.0000894120
=SRC  \\$aHSS01$bbibmp13.200404.2.ab
=LAS  \\$aBATCH-UPD$b00$c20141219$lBLL01$h1322

