=LDR  01346 am a2200409ui 4500
=001  007514827
=003  Uk
=005  20091214025700.0
=008  800318s1972\\\\enk\\\\||\\\\|||0\||eng\\
=FMT  \\$a  BK
=019  0\$as13969000x
=040  \\$aUk$cUk
=084  \\$aAD 45$2blsrissc
=100  1\$aSandison, Alexander.
=245  10$aLibrary effectiveness survey, 1970 /$cby A. Sandison and M. Preskett.
=260  \\$aLondon :$bNational Reference Library for Science and Invention,$c1972.
=300  \\$a35p. ;$c30cm.
=336  \\$atext$2rdacontent
=337  \\$aunmediated$2rdamedia
=338  \\$avolume$2rdacarrier
=490  0\$aOccasional publications
=700  1\$aPreskett, Malcolm.
=710  2\$aNational Reference Library of Science and Invention.
=852  41$aBritish Library$bDSC$jOP-GPB/1759
=852  11$aBritish Library$bDSC$cQ$h021
=852  11$aBritish Library$bDSC$cQ$h025.5
=852  71$aBritish Library$bSTI$k(B)$hAD 45$2blsrissc
=968  \\$aC
=CAT  \\$aCONV$b00$c20040425$lBLL90$h0852
=CAT  \\$aCONV$b00$c20040502$lBLL01$h1222
=CAT  \\$aglobal_upd$b40$c20060417$lBLL01$h1608
=CAT  \\$aBATCH$b00$c20091207$lBLL01$h0453
=CAT  \\$aBATCH$b00$c20091214$lBLL01$h0257
=FIN  \\$aY
=LEO  \\$aMP25.0000040791
=SRC  \\$aSRI01$bbibmp25.200404.2.aa
=LAS  \\$aBATCH$b00$c20091214$lBLL01$h0257

