=LDR  02345aam a2200661 a 4500
=001  007529535
=003  Uk
=005  20070420105250.0
=008  840904s1985\\\\paua\\\\\b\\\\001\0\eng\\
=FMT  \\$a  BK
=010  \\$a84051968
=015  \\$aGBA729668$2bnb
=016  7\$a007529535$2Uk
=019  0\$as537552006
=020  \\$a0898711983 (hbk.)$cNo price
=040  \\$aDLC$cDLC$dDLC$dUk
=042  \\$aukblcatcopy
=050  00$aQA431$b.L58 1985
=082  00$a515.45$219
=084  \\$aPC 24$2blsrissc
=100  1\$aLinz, Peter.
=245  10$aAnalytical and numerical methods for Volterra equations /$cPeter Linz.
=260  \\$aPhiladelphia :$bSIAM,$cc1985.
=300  \\$axiii, 227 p. :$bill. ;$c24 cm.
=336  \\$atext$2rdacontent
=337  \\$aunmediated$2rdamedia
=338  \\$avolume$2rdacarrier
=490  1\$aSIAM studies in applied mathematics ;$v7
=504  \\$aIncludes bibliographies and index.
=540  \\$aBritish Library not licensed to copy$c0$5Uk
=650  \0$aVolterra equations$xNumerical solutions.
=830  \0$aSIAM studies in applied mathematics ;$v7.
=852  41$aBritish Library$bDSC$j8271.370200$ino 7
=852  71$aBritish Library$bSTI$2blsrissc
=852  71$aBritish Library$bSTI$cRES$k(B)$hPC 24$2blsrissc
=CAT  \\$aCONV$b00$c20040425$lBLL90$h0856
=CAT  \\$aCONV$b00$c20040502$lBLL01$h1223
=CAT  \\$a12664$b40$c20070418$lBLL01$h1342
=CAT  \\$a8178$b40$c20070418$lBLL01$h1451
=CAT  \\$a9523$b40$c20070420$lBLL01$h0902
=CAT  \\$a9523$b40$c20070420$lBLL01$h1052
=CAT  \\$aBATCH$b00$c20091207$lBLL01$h0458
=CAT  \\$aBATCH$b00$c20091214$lBLL01$h0303
=CAT  \\$aBATCH$b00$c20100103$lBLL01$h1147
=CAT  \\$aBATCH-CLA$b00$c20130630$lBLL01$h1622
=CAT  \\$aIPL-CLA$c20130630$lBLL01$h2358
=CAT  \\$aBATCH-CLA$b00$c20130929$lBLL01$h1611
=CAT  \\$aIPL-CLA$c20130930$lBLL01$h1719
=CAT  \\$aBATCH-UPD$b00$c20160208$lBLL01$h1406
=CAT  \\$aBATCH-CLA$b00$c20160209$lBLL01$h0122
=CAT  \\$aWR16_021$c20160609$lBLL01$h1946
=CAT  \\$aBATCH-CLA$b00$c20160610$lBLL01$h0128
=CFI  0\$aBritish Library not licensed to copy$c0$e01-jul-2014$hC$iCFP Excluded$5Uk
=FIN  \\$aY
=LEO  \\$aMP25.0000228933
=SID  \\$aZ39$bLOC
=SRC  \\$aSRI01$bbibmp25.200404.2.aa
=LAS  \\$aBATCH-CLA$b00$c20160610$lBLL01$h0128

