=LDR  02038 am a22005893u 4500
=001  007677122
=003  Uk
=005  20101217142828.0
=008  711015s1971\\\\enk\\\\||\\\\o000\||eng\\
=FMT  \\$a  BK
=015  \\$aGB7124581$2bnb
=019  y\$aB7124581
=019  9\$a0117504165
=019  0\$as138553009
=019  o\$aB05170029
=020  \\$a0117504165 (sd) :$c£0.30
=040  \\$aUk$cUk$dUk
=082  04$a614/.78$218
=084  \\$aVA 64$2blsrissc
=110  1\$aGreat Britain.$bNoise Advisory Council.
=245  10$aAircraft noise : flight routeing near airports :$breport by a working group of the Council.
=260  \\$aLondon :$bH.M.S.O. [for the Department of the Environment],$c1971.
=300  \\$a[5], 37 p. ;$c25 cm.
=336  \\$atext$2rdacontent
=337  \\$aunmediated$2rdamedia
=338  \\$avolume$2rdacarrier
=500  \\$aChairman of working group: Eric Epson.
=653  \\$aAircraft$aNoise$aControl related to routeing$aGreat Britain$aInquiry reports
=650  \0$aAeroplanes$xNoise.
=700  1\$aEpson, Eric.
=710  1\$aGreat Britain.$bDepartment of the Environment.
=852  41$aBritish Library$bDSC$jW42/1059
=852  71$aBritish Library$bSTI$cRES$k(B)$hVA 64$2blsrissc
=852  41$aBritish Library$bDSC$h614.78
=968  \\$aC
=985  \\$aRecord amended for WR# 13/070
=CAT  \\$aCONV$b00$c20040425$lBLL90$h0525
=CAT  \\$aCONV$b00$c20040502$lBLL01$h1228
=CAT  \\$aUE-01$b00$c20041207$lBLL01$h0955
=CAT  \\$a5194$b40$c20041222$lBLL01$h1617
=CAT  \\$aglobal_upd$b40$c20060417$lBLL01$h0445
=CAT  \\$aBATCH-UPD$b40$c20070113$lBLL01$h2105
=CAT  \\$aBATCH-UPD$b40$c20070123$lBLL01$h1037
=CAT  \\$a9668$b40$c20101217$lBLL01$h1428
=CAT  \\$aWR13_070$b00$c20130504$lBLL01$h0149
=FIN  \\$aY
=LEO  \\$aMP3.0000026484
=LEO  \\$aMP25.0000039765
=SRC  \\$aBNB02$bbibmp3.200404.2.aa
=SRC  \\$aSRI01$bbibmp25.200404.2.aa
=SRC  \\$aDSC Official Publications$bopgb.mrc
=LAS  \\$aWR13_070$b00$c20130504$lBLL01$h0149

