=LDR  01809 am a22005893i 4500
=001  007678783
=003  Uk
=005  20091208021200.0
=008  750308s1974\\\\enka\\\\|\\\\\001\|\eng\\
=FMT  \\$a  BK
=010  \\$a73019013
=015  \\$aGB7506782$2bnb
=019  y\$aB7506782
=019  9\$a0123589509
=019  0\$as143226002
=020  \\$a0123589509 :$c£5.40
=040  \\$aUk$cUk
=050  00$aTS156.O9
=082  04$a547/.41$218
=084  \\$aJU 99$2blsrissc
=100  1\$aHucknall, D. J.$q(David James)
=245  10$aSelective oxidation of hydrocarbons /$cD.J. Hucknall.
=260  \\$aLondon :$bAcademic Press,$c1974.
=300  \\$avii,212p. :$bill. ;$c24cm.
=336  \\$atext$2rdacontent
=337  \\$aunmediated$2rdamedia
=338  \\$avolume$2rdacarrier
=500  \\$aIncludes index.
=597  \\$aDLC$b73019013
=650  \0$aOxidation.
=650  \0$aCatalysis.
=650  \0$aHydrocarbons.
=653  \\$aAliphatic hydrocarbons$aSelective oxidation
=852  4\$aBritish Library$bDSC$j74/30245$xMissing 4/8/89
=852  4\$aBritish Library$bDSC$j75/12605$xMissing 4/8/89
=852  4\$aBritish Library$bDSC$x2 copies
=852  71$aBritish Library$bSTI$cRES$k(B)$hJU 99$2blsrissc
=968  \\$aC
=CAT  \\$aCONV$b00$c20040425$lBLL90$h0525
=CAT  \\$aCONV$b00$c20040502$lBLL01$h1228
=CAT  \\$aglobal_upd$b40$c20060417$lBLL01$h1613
=CAT  \\$aUCB-HOL$b00$c20070916$lBLL01$h1642
=CAT  \\$aBATCH$b00$c20070916$lBLL01$h2009
=CAT  \\$aBATCH$b00$c20071128$lBLL01$h0117
=CAT  \\$aBATCH$b00$c20091208$lBLL01$h0212
=FIN  \\$aY
=LEO  \\$aMP3.0000028809
=LEO  \\$aMP25.0000044177
=SRC  \\$aBNB02$bbibmp3.200404.2.aa
=SRC  \\$aSRI01$bbibmp25.200404.2.aa
=SRC  \\$aUCB 2007
=LAS  \\$aBATCH$b00$c20091208$lBLL01$h0212

