=LDR  02743cam a2200769ua 4500
=001  008061508
=003  Uk
=005  20220331212705.0
=008  810727s1981\\\\enka\\\||\\\\\001\||eng\\
=FMT  \\$a  BK
=010  \\$a80017318
=015  \\$aGB8123983$2bnb
=019  y\$aB8123983
=019  9\$a0471042048
=019  a\$aG00266041
=019  1\$a0471042048
=019  0\$as407366008
=020  \\$a0471042048 :$c£46.50
=039  0\$a1646
=040  \\$aUk$cUk
=041  1\$aeng$hrus
=050  00$aTR593
=082  04$a778.3/7$218
=082  04$a778.3/7$219
=084  \\$aQR 16$2blsrissc
=100  10$aDubovik, A. S.$q(Aleksandr Semenovich)
=240  10$aFotograficheskai︠a︡ registratsi︠i︡a bystroprotekai︠u︡shchikh protsessov
=245  14$aThe photographic recording of high-speed processes /$cAlexander Dubovik ; translated from the Russian by Arthur Aksenov ; technical editor George H. Lunn.
=250  \\$a[Rev. ed.]
=260  \\$aNew York ;$aChichester :$bWiley,$cc1981.
=300  \\$axxi,553p. :$bill. ;$c24cm.
=336  \\$atext$2rdacontent
=337  \\$aunmediated$2rdamedia
=338  \\$avolume$2rdacarrier
=490  0\$aA Wiley-Interscience publication
=500  \\$aPrevious ed.: Oxford : Pergamon, 1968.
=500  \\$aIncludes index.
=546  \\$aTranslation of: Fotograficheskai︠a︡ registratsii︠a︡ bystroprotekai︠u︡shchikh protsessov. Izd. 2-e, perer.
=590  \\$aPrevious ed.: Oxford : Pergamon, 1968
=597  \\$aDLC$b80017318 //r852
=540  \\$aCurrent Copyright Fee: GBP32.00$c0$5Uk
=650  \0$aPhotography, High-speed.
=653  \\$aHigh speed photography
=700  1\$aLunn, George H.
=886  2\$2ukmarc$a900$b10$aDubovik$hAlexander$xSee$aDubovik, A. S.$z100
=852  41$aBritish Library$bDSC$m81/14583
=852  41$aBritish Library$bDSC$j81/15872
=852  41$aBritish Library$bHMNTS$jX.421/21882
=852  71$aBritish Library$bSTI$cRES$k(B)$hQR 16$2blsrissc
=CAT  \\$aCONV$b00$c20040425$lBLL90$h0806
=CAT  \\$aCONV$b00$c20040502$lBLL01$h1239
=CAT  \\$aglobal_upd$b40$c20060417$lBLL01$h0527
=CAT  \\$aBATCH$b00$c20091121$lBLL01$h2257
=CAT  \\$aBATCH-UPD$b00$c20200115$lBLL01$h0912
=CAT  \\$aBATCH-CLAB$c20220330$lBLL01$h1649
=CAT  \\$aIPL-CLA$c20220331$lBLL01$h2127
=CFI  0\$aCurrent Copyright Fee: GBP32.00$c0$e01-apr-2022$fGBP32.00$g0$hC$5Uk
=FIN  \\$aY
=LEO  \\$aMP5.0000621255
=LEO  \\$aMP8.0000092971
=LEO  \\$aMP13.0001657450
=LEO  \\$aMP25.0000189249
=SRC  \\$aBNB03$bbibmp5.200404.2.ab
=SRC  \\$aDSC01$bbibmp8.200404.2.aa
=SRC  \\$aHSS01$bbibmp13.200404.2.ac
=SRC  \\$aSRI01$bbibmp25.200404.2.aa
=LAS  \\$aIPL-CLA$b00$c20220331$lBLL01$h2127

