=LDR  01985 am a2200649uu 4500
=001  008126783
=003  Uk
=005  20091208033600.0
=008  880921s1983\\\\xxua\\\\|\\\\\001\|\eng\\
=FMT  \\$a  BK
=010  \\$a83008952
=019  a\$aG00092519
=019  1\$a0932376215
=019  0\$as52516300x
=020  \\$a0932376215
=040  \\$aUk$cUk
=050  00$aQA76.6
=082  04$a001.6/42$218
=082  04$a005.1$219
=084  \\$aPN 34$2blsrissc
=100  1\$aHartling, John M.
=245  10$aIntroduction to computer programming /$cJohn M. Hartling, Larry E. Druffel, F. Jack Hilbing.
=260  \\$bDigital,$cc1983.
=300  \\$axvi,468p.
=336  \\$atext$2rdacontent
=337  \\$aunmediated$2rdamedia
=338  \\$avolume$2rdacarrier
=597  \\$aDLC$b83008952
=650  \0$aComputer programming.
=650  \0$aProblem solving$xData processing.
=653  \\$aComputer systems$aProgramming
=700  1\$aDruffel, Larry E.
=700  1\$aHilbing, F. Jack.
=886  2\$2blmarc$a010$b00$a83008952
=852  4\$aBritish Library$bDSC$j84/08555
=852  4\$aBritish Library$bDSC$x84/00096
=852  41$aBritish Library$bDSC$j84/08555
=852  41$aBritish Library$bHMNTS$jYK.1988.b.5799
=852  71$aBritish Library$bSTI$cRES$k(B)$hPN 34$2blsrissc
=957  \\$a880517c
=958  \\$a(B) PN 30
=CAT  \\$aCONV$b00$c20040425$lBLL90$h0827
=CAT  \\$aCONV$b00$c20040502$lBLL01$h1242
=CAT  \\$aglobal_upd$b40$c20060417$lBLL01$h0536
=CAT  \\$aUCB-HOL$b00$c20070916$lBLL01$h1649
=CAT  \\$aBATCH$b00$c20070916$lBLL01$h2019
=CAT  \\$aBATCH$b00$c20071128$lBLL01$h0129
=CAT  \\$aBATCH$b00$c20091208$lBLL01$h0336
=FIN  \\$aY
=LEO  \\$aMP8.0000017542
=LEO  \\$aMP13.0002223072
=LEO  \\$aMP25.0000216188
=SRC  \\$aDSC01$bbibmp8.200404.2.aa
=SRC  \\$aHSS01$bbibmp13.200404.2.ad
=SRC  \\$aSRI01$bbibmp25.200404.2.aa
=SRC  \\$aUCB 2007
=LAS  \\$aBATCH$b00$c20091208$lBLL01$h0336

