=LDR  01909 am a2200601 a 4500
=001  008407145
=003  Uk
=005  20210608003800.0
=008  811109s1981\\\\enka\\\||\\\\\001\||eng\\
=FMT  \\$a  BK
=015  \\$aGB8136446$2bnb
=019  y\$aB8136446
=019  9\$a0433182741
=019  a\$aG00265612
=019  0\$as511024002
=020  \\$a0433182741 :$c£18.00
=039  0\$a1661
=040  \\$aUk$cUk
=050  00$aRC857
=082  04$a616.3/7$218
=082  04$a616.3/7$219
=084  \\$aGU 09$2blsrissc
=245  04$aThe Pancreas /$cedited by W. Milo Keynes and Roger G. Keith.
=260  \\$aLondon :$bHeinemann Medical,$cc1981.
=300  \\$axii,371p. :$bill. ;$c22cm.
=336  \\$atext$2rdacontent
=337  \\$aunmediated$2rdamedia
=338  \\$avolume$2rdacarrier
=490  1\$aTutorials in postgraduate medicine
=504  \\$aIncludes bibliographies and index.
=650  \0$aPancreas$xDiseases.
=653  \\$aMan$aPancreas$aDiseases
=700  1\$aKeynes, W. Milo$q(William Milo),$d1924-
=700  1\$aKeith, Roger G.
=886  2\$2ukmarc$a900$b10$aKeynes$hMilo$xSee$aKeynes, W. Milo$z700
=830  \0$aTutorials in postgraduate medicine.
=852  41$aBritish Library$bDSC$m81/25487
=852  41$aBritish Library$bDSC$j82/26639
=852  71$aBritish Library$bSTI$k(B)$hGU 09$2blsrissc
=CAT  \\$aCONV$b00$c20040425$lBLL90$h0549
=CAT  \\$aCONV$b00$c20040502$lBLL01$h1252
=CAT  \\$aglobal_upd$b40$c20060417$lBLL01$h0616
=CAT  \\$aBATCH$b00$c20091122$lBLL01$h0031
=CAT  \\$aBATCH$b00$c20091217$lBLL01$h0000
=CAT  \\$aBATCH-UPD$b00$c20210608$lBLL01$h0038
=FIN  \\$aY
=LEO  \\$aMP5.0000610934
=LEO  \\$aMP8.0000092553
=LEO  \\$aMP25.0000201770
=SRC  \\$aBNB03$bbibmp5.200404.2.ab
=SRC  \\$aDSC01$bbibmp8.200404.2.aa
=SRC  \\$aSRI01$bbibmp25.200404.2.aa
=LAS  \\$aBATCH-UPD$b00$c20210608$lBLL01$h0038

