=LDR  01851 am a2200625 a 4500
=001  008407857
=003  Uk
=005  20091122003200.0
=008  821011s1982\\\\stka\\\\|\\\\\001\|\eng\\
=FMT  \\$a  BK
=010  \\$a81010031
=015  \\$aGB8207123$2bnb
=019  y\$aB8207123
=019  9\$a0443020396
=019  a\$aG00125272
=019  0\$as514961007
=020  \\$a0443020396 :$cUnpriced
=039  0\$a1710
=040  \\$aUk$cUk
=050  00$aRC372
=080  \\$a616.853
=082  04$a616.8/53$218
=082  04$a616.8/53$219
=084  \\$aGV 05$2blsrissc
=245  02$aA Textbook of epilepsy /$cedited by John Laidlaw, Alan Richens ; foreword by Denis Williams ; introduction by Maurice Parsonage.
=250  \\$a2nd ed.
=260  \\$aEdinburgh :$bChurchill Livingstone,$c1982.
=300  \\$axxv,549p. :$bill. ;$c26cm.
=336  \\$atext$2rdacontent
=337  \\$aunmediated$2rdamedia
=338  \\$avolume$2rdacarrier
=500  \\$aPrevious ed.: 1976.
=500  \\$aIncludes index.
=597  \\$aDLC$b81010031 //r87
=590  \\$aPrevious ed.: 1976
=650  \0$aEpilepsy.
=650  \2$aEpilepsy.
=653  \\$aMan$aEpilepsy
=700  1\$aLaidlaw, John.
=700  1\$aRichens, Alan.
=852  41$aBritish Library$bDSC$m82/14989
=852  41$aBritish Library$bDSC$j82/30077
=852  71$aBritish Library$bSTI$cRES$k(XB)$hGV 05$2blsrissc
=CAT  \\$aCONV$b00$c20040425$lBLL90$h0549
=CAT  \\$aCONV$b00$c20040502$lBLL01$h1252
=CAT  \\$aglobal_upd$b40$c20060417$lBLL01$h0616
=CAT  \\$aBATCH$b00$c20091122$lBLL01$h0032
=FIN  \\$aY
=LEO  \\$aMP5.0000615857
=LEO  \\$aMP8.0000025923
=LEO  \\$aMP25.0000205702
=SRC  \\$aBNB03$bbibmp5.200404.2.ab
=SRC  \\$aDSC01$bbibmp8.200404.2.aa
=SRC  \\$aSRI01$bbibmp25.200404.2.aa
=LAS  \\$aBATCH$b00$c20091122$lBLL01$h0032

