=LDR  03381 am a2200757u  4500
=001  008579610
=003  Uk
=005  20090817092543.0
=008  880628m19631968enk\\\\\\\\\\o001\0\eng\\
=FMT  \\$a  BK
=019  1\$aa6501714
=019  x\$a0984170235
=019  s\$aoams00695
=040  \\$aUk$cUk$dUk
=082  04$a027.541$219
=110  1\$aGreat Britain.$bPublic Record Office.
=245  10$aGuide to the contents of the Public Record Office /$cPublic Record Office.
=260  \\$aLondon :$bH.M.S.O.,$c1963-1968.
=300  \\$a3 v ;$c25 cm.
=336  \\$atext$2rdacontent
=337  \\$aunmediated$2rdamedia
=338  \\$avolume$2rdacarrier
=500  \\$aThe first two volumes comprise a revised edition of M.S. Giuseppi's 'Guide to the manuscripts preserved in the Public Record Office', London, 1923-1924.
=504  \\$aEach volume contains an index.
=505  0\$aContents: v. 1. Legal records, etc. -- v. 2. State papers and departmental records. -- v. 3. Documents transferred 1960-1966.
=610  10$aGreat Britain.$bPublic Record Office.
=650  \0$aPublic records$zEngland$zLondon$vGuidebooks.
=651  \0$aEngland$zLondon$xArchival resources$vGuidebooks.
=651  \0$aEngland$zLondon$xPublic records$vGuidebooks.
=700  1\$aGiuseppi, M. S..$tGuide to the manuscripts preserved in the Public Record Office.
=852  11$aBritish Library$bHMNTS$cSPHOA$kMSS$h017.21$mpro
=852  11$aBritish Library$bHMNTS$cSPHOA$kOPQ$h942.0076$3[Another copy.] Classes of departmental papers for 1906-1939. 1966
=852  11$aBritish Library$bOC$cSPHOA$kOIA$h941.001
=852  41$aBritish Library$bMAPS$jMaps Ref.A.4.(14.)
=852  11$aBritish Library$bHMNTS$cSPHOA$kHLR Enquiry Desk$h941.082$3Includes the 2nd impression (1965) of Vol. 2, not the 1963 original
=852  41$aBritish Library$bHMNTS$jB.S.33/89.$3[Another copy.] Guide to the Contents of the Public Record Office, etc. London, 1963, 66. 8º.
=852  41$aBritish Library$bOC$jV 20993$3[Another copy of vol. 2. State papers and departmental records.]***Held in OIOC.
=852  41$aBritish Library$bDSC$jOP-RP1 *4*$iv.3
=852  41$aBritish Library$bDSC$jOP-RP1 *5*$iv.2
=852  41$aBritish Library$bDSC$jOP-RP1 *6*$iv.1
=852  41$aBritish Library$bDSC$jOP-AD(GP) *2*$iv.1
=852  41$aBritish Library$bDSC$jOP-AD(GP) *3*$iv.2
=852  41$aBritish Library$bDSC$jOP-AD(GP) *4*$iv.3
=852  11$aBritish Library$bDSC$cQ$h015.41 *1*$iv.1
=852  11$aBritish Library$bDSC$cQ$h015.41 *2*$iv.2
=852  11$aBritish Library$bDSC$cQ$h015.41 *3*$iv.3
=852  41$aBritish Library$bHMNTS$j2719.x.15514
=985  \\$aRecord merged by DQ team
=CAT  \\$aCONV$b00$c20040425$lBLL90$h0717
=CAT  \\$aCONV$b00$c20040502$lBLL01$h1257
=CAT  \\$aBATCH-UPD$b00$c20061228$lBLL01$h2119
=CAT  \\$a5100$b40$c20070117$lBLL01$h0956
=CAT  \\$a6537$b40$c20090817$lBLL01$h0921
=CAT  \\$a6537$b40$c20090817$lBLL01$h0925
=CAT  \\$aBATCH$b00$c20091209$lBLL01$h0227
=FIN  \\$aY
=LEO  \\$aMP1.0001175229
=LEO  \\$aMP13.0000007683
=LEO  \\$aMP37.0000006992
=LEO  \\$aMP37.0000006992.1
=LEO  \\$aMP37.0000006992.2
=LEO  \\$aMP37.0000006992.3
=SRC  \\$aBLS01$bbibmp1.200404.2.ab
=SRC  \\$aHSS01$bbibmp13.200404.2.aa
=SRC  \\$aSPH01$bbibmp37b.200404.2.aa
=LAS  \\$aBATCH$b00$c20091209$lBLL01$h0227

