=LDR  05257cam a2201261 a 4500
=001  006595499
=003  Uk
=005  20211231170837.0
=008  020123m20012003xxua\\\\\b\\\o001\0\eng\\
=FMT  \\$a  BK
=019  a\$aG07526184
=019  0\$as67518200x
=019  a\$aG07997046
=019  a\$aG07997069
=019  a\$aG08066909
=019  0\$as694580007
=020  \\$a9275119910 (set)
=020  \\$a927511580X (pbk. : v. 1)
=020  \\$a9275119929 (pbk. : v. 2)
=020  \\$a9275119937 (pbk. : v. 3)
=040  \\$aUk$cUk
=042  \\$aukblsr
=082  04$a614.56$222
=084  \\$aGT 47$2blsrissc
=100  1\$aAcha, Pedro N.
=245  10$aZoonoses and communicable diseases common to man and animals /$c[Pedro N. Acha and Boris Szyfres].
=250  \\$a3rd ed.
=260  \\$aWashington, D.C. :$bPan American Health Organization$c2001-2003.
=300  \\$a3 v. :$bill. ;$c23 cm.
=336  \\$atext$2rdacontent
=337  \\$aunmediated$2rdamedia
=338  \\$avolume$2rdacarrier
=490  1\$aScientific and technical publication ;$vno. 580
=500  \\$aPrevious ed.: 1987.
=505  0\$av. 1. Bacterioses and mycoses -- v. 2. Chlamydioses, rickettsioses, and viroses -- v. 3. Parasitoses.
=500  \\$aAlso published in Spanish ed. as: Zoonosis y enfermedades transmisibles comunes al hombre a los animales. -- Previous ed.: 1987.
=504  \\$aIncludes bibliographical references and index.
=540  \\$aCurrent Copyright Fee: GBP0.73$c0$5Uk
=650  \0$aZoonoses.
=650  \0$aCommunicable diseases in animals.
=650  \0$aCommunicable diseases.
=700  1\$aSzyfres, Boris.
=700  1\$aAcha, Pedro N.$tZoonosis y enfermedades transmisibles comunes al hombre a los animales.
=710  2\$aPan American Health Organization.
=830  \0$aScientific and technical publication (Washington, D.C.) ;$vno. 580.
=852  11$aBritish Library$bSTI$k(B)$h614.56$ivol. 2
=852  41$aBritish Library$bSTI$ivol. 2
=852  11$aBritish Library$bSTI$k(B)$h614.56$ivol. 3
=852  41$aBritish Library$bDSC$j8176.909500
=852  11$aBritish Library$bSTI$k(B)$h614.56$ivol. 1
=957  \\$a040200p
=957  \\$a020306p
=957  \\$r25/02/2004
=957  \\$r12/02/2004
=CAT  \\$aCONV$b00$c20040502$lBLL01$h1145
=CAT  \\$aIPL-CLA$c20160331$lBLL01$h1649
=CAT  \\$aBATCH-CLA$b00$c20160926$lBLL01$h1717
=CAT  \\$aIPL-CLA$c20160930$lBLL01$h1537
=CAT  \\$aBATCH-CLA$b00$c20170321$lBLL01$h1740
=CAT  \\$aIPL-CLA$c20170331$lBLL01$h1822
=CAT  \\$aBATCH-CLA$b00$c20170921$lBLL01$h1826
=CAT  \\$aIPL-CLA$c20170929$lBLL01$h1703
=CAT  \\$aBATCH-CLA$b00$c20171221$lBLL01$h1259
=CAT  \\$aIPL-CLA$c20171231$lBLL01$h1314
=CAT  \\$aBATCH-CLA$b00$c20180319$lBLL01$h1754
=CAT  \\$aIPL-CLA$c20180331$lBLL01$h1551
=CAT  \\$aBATCH-CLA$b00$c20180920$lBLL01$h1621
=CAT  \\$aIPL-CLA$c20180930$lBLL01$h1448
=CAT  \\$aBATCH-CLA$b00$c20190924$lBLL01$h1907
=CAT  \\$aIPL-CLA$c20190930$lBLL01$h1624
=CAT  \\$aBATCH-UPD$b00$c20201218$lBLL01$h2050
=CAT  \\$aBATCH-CLA$b00$c20201219$lBLL01$h0107
=CAT  \\$aBATCH-CLA$b00$c20210328$lBLL01$h1311
=CAT  \\$aIPL-CLA$c20210331$lBLL01$h1829
=CAT  \\$aBATCH-CLA$b00$c20210617$lBLL01$h1354
=CAT  \\$aIPL-CLA$c20210704$lBLL01$h1110
=CAT  \\$aBATCH-CLA$b00$c20210928$lBLL01$h1459
=CAT  \\$aIPL-CLA$c20210930$lBLL01$h1643
=CAT  \\$aBATCH-CLA$b00$c20211222$lBLL01$h1605
=CAT  \\$aIPL-CLA$c20211231$lBLL01$h1708
=CFI  0\$aCurrent Copyright Fee: GBP0.73$c0$e01-jan-2022$fGBP0.73$g0$hC$5Uk
=CFI  2\$aPrevious Copyright Fee: GBP0.71$c0$e01-oct-2021$fGBP0.71$g0$hC$5Uk
=FIN  \\$aY
=LEO  \\$aMP25.0000371203
=LEO  \\$aMP8.0001767522
=LEO  \\$aMP25.0000354640
=LEO  \\$aMP8.0001906230
=LEO  \\$aMP8.0001906253
=LEO  \\$aMP8.0001922870
=SRC  \\$aSRI01$bbibmp25.200404.2.aa
=SRC  \\$aDSC01$bbibmp8.200404.2.ac
=SRC  \\$aMOP02$bbibm2.200404.2.aa
=TCO  \\$aCLA$bCLA$c008
=ACF  \\$aPrevious Copyright Fee: GBP0.61$c0$e01-jul-2012$fGBP0.61$g0$hC$5Uk
=ACF  \\$aPrevious Copyright Fee: GBP0.60$c0$e01-oct-2013$fGBP0.60$g0$hC$5Uk
=ACF  \\$aPrevious Copyright Fee: GBP0.61$c0$e01-jul-2014$fGBP0.61$g0$hC$5Uk
=ACF  \\$aPrevious Copyright Fee: GBP0.67$c0$e01-apr-2015$fGBP0.67$g0$hC$5Uk
=ACF  \\$aPrevious Copyright Fee: GBP0.65$c0$e01-oct-2015$fGBP0.65$g0$hC$5Uk
=ACF  \\$aPrevious Copyright Fee: GBP0.69$c0$e01-apr-2016$fGBP0.69$g0$hC$5Uk
=ACF  \\$aPrevious Copyright Fee: GBP0.74$c0$e01-oct-2016$fGBP0.74$g0$hC$5Uk
=ACF  \\$aPrevious Copyright Fee: GBP0.80$c0$e01-apr-2017$fGBP0.80$g0$hC$5Uk
=ACF  \\$aPrevious Copyright Fee: GBP0.76$c0$e01-oct-2017$fGBP0.76$g0$hC$5Uk
=ACF  \\$aPrevious Copyright Fee: GBP0.77$c0$e01-jan-2018$fGBP0.77$g0$hC$5Uk
=ACF  \\$aPrevious Copyright Fee: GBP0.71$c0$e01-apr-2018$fGBP0.71$g0$hC$5Uk
=ACF  \\$aPrevious Copyright Fee: GBP0.80$c0$e01-oct-2019$fGBP0.80$g0$hC$5Uk
=ACF  \\$aPrevious Copyright Fee: GBP0.74$c0$e01-apr-2021$fGBP0.74$g0$hC$5Uk
=ACF  \\$aPrevious Copyright Fee: GBP0.72$c0$e01-jul-2021$fGBP0.72$g0$hC$5Uk
=LAS  \\$aIPL-CLA$b00$c20211231$lBLL01$h1708

