=LDR  03101caa a2200817 a 4500
=001  006615155
=003  Uk
=005  20230302174548.0
=008  030522m20032008enk\\\\\\b\\\\001\0\eng\\
=FMT  \\$a  BK
=010  \\$a2002074069
=015  \\$aGBA8A6646$2bnb
=016  7\$a006615155$2Uk
=019  a\$aG07656410
=020  \\$a0521753074 (vol. 1) :$cNo price
=020  \\$a9780521753081 (vol. 2) :$c£75.00
=020  \\$a0521753082 (vol. 2) :$c£75.00
=040  \\$aDLC$cDLC$dUk
=042  \\$aukblsr
=082  04$a530.155355$222
=100  1\$aGesztesy, Fritz,$d1953-
=245  10$aSoliton equations and their algebro-geometric solutions /$cFritz Gesztesy, Helge Holden.
=260  \\$aCambridge :$bCambridge University Press,$c2003-2008.
=300  \\$a2 v. ;$c24 cm.
=336  \\$atext$2rdacontent
=337  \\$aunmediated$2rdamedia
=338  \\$avolume$2rdacarrier
=490  0\$aCambridge studies in advanced mathematics ;$v79, 114
=505  0\$av. 1. (1 + 1)-dimensional continuous models -- v. 2. (1 + 1)-dimensional discrete models / Fritz Gesztesy ... [et al.].
=504  \\$aIncludes bibliographical references and index.
=597  \\$aEnhanced$bSRIS DDC
=540  \\$aCurrent Copyright Fee: GBP22.50$c0$5Uk
=650  \0$aDifferential equations, Nonlinear$xNumerical solutions.
=650  \0$aSolitons.
=700  1\$aHolden, H.$q(Helge),$d1956-
=852  11$aBritish Library$bSTI$k(B)$h530.155355$i79
=852  41$aBritish Library$bHMNTS$jYK.2009.a.26806$ivol. 114
=852  41$aBritish Library$bDSC$j3015.991500$i114
=852  41$aBritish Library$bDSC$ivol. 114
=852  41$aBritish Library$bDSC$j3015.991500$i79
=945  \\$aCambridge studies in advanced mathematics ; 79, 114
=957  \\$r20/5/03$tM/34827-20
=CAT  \\$aCONV$b00$c20040502$lBLL01$h1145
=CAT  \\$aglobal_upd$b40$c20060417$lBLL01$h0224
=CAT  \\$a11250$b40$c20080905$lBLL01$h1423
=CAT  \\$a11250$b40$c20080905$lBLL01$h1432
=CAT  \\$a12323$b40$c20090116$lBLL01$h1628
=CAT  \\$a11070$b40$c20090204$lBLL01$h1136
=CAT  \\$a6989$b40$c20091001$lBLL01$h0918
=CAT  \\$aBATCH$b00$c20091207$lBLL01$h0209
=CAT  \\$aBATCH-CLA$b00$c20150314$lBLL01$h0048
=CAT  \\$aWR16_021$c20160608$lBLL01$h1729
=CAT  \\$aBATCH-CLA$b00$c20160609$lBLL01$h0125
=CAT  \\$aBATCH-CLA$b00$c20210328$lBLL01$h1313
=CAT  \\$aIPL-CLA$c20210331$lBLL01$h1830
=CAT  \\$aBATCH-CLA$b00$c20221206$lBLL01$h1716
=CAT  \\$aIPL-CLA$c20221231$lBLL01$h1806
=CAT  \\$aBATCH-CLA$b00$c20230302$lBLL01$h1745
=CFI  0\$aCurrent Copyright Fee: GBP22.50$c0$e09-feb-2023$fGBP22.50$g0$hC$5Uk
=FIN  \\$aY
=LDO  \\$aCIP$bhbk
=LEO  \\$aMP25.0000364026
=LEO  \\$aMP8.0001810166
=LEO  \\$aMP5.0000167252
=SRC  \\$aSRI01$bbibmp25.200404.2.aa
=SRC  \\$aDSC01$bbibmp8.200404.2.ac
=SRC  \\$aLDS01$bbiblm.200404.2.aa
=SRC  \\$aBNB03$bbibmp5.200404.2.aa
=TCO  \\$aCLA$bCLA$c008
=ACF  \\$aPrevious Copyright Fee: GBP10.00$c0$e01-oct-2012$fGBP10.00$g0$hC$5Uk
=LAS  \\$aBATCH-CLA$b00$c20230302$lBLL01$h1745

