=LDR  08593cas a2201705 a 4500
=001  006759144
=003  Uk
=005  20230930095245.0
=007  ta
=008  980414c19939999enkar\\\\r\\\\0\\\a0eng\\
=FMT  \\$a  SE
=015  \\$aGB9820907$2bnb
=019  1\$ab9820907
=019  s\$aoagh20905
=019  0\$as636687007
=019  y\$ab9820907
=019  9\$ab9820907
=019  c\$a2548089
=022  0\$y0968-4573$y0968-4557$y0968-4565$y1742-3457
=039  0\$a2487
=040  \\$aUk$beng$cUk$dUk
=042  \\$aukblsr
=082  04$a070.57202541$221
=084  \\$aAA 660$2blsrissc
=084  \\$aAA 423$2blsrissc
=245  00$aBenn's media.
=260  \\$aTonbridge :$bBenn Business Information Services,$c1993-
=264  31$aLondon :$bCision UK Ltd.
=300  \\$av. :$bill. ;$c30 cm.
=310  \\$aAnnual
=336  \\$atext$2rdacontent
=337  \\$aunmediated$2rdamedia
=338  \\$avolume$2rdacarrier
=362  0\$a141st (1993)-
=515  \\$aVols. for 1993-2003; 2010- issued in 3 vols.: Vol. 1, United Kingdom; v. 2, Europe; v. 3, World.
=515  \\$aVols. for 2004-2009 issued in 4 vols.: Vol. 1, United Kingdom; v. 2, Europe; v. 3, North America; v. 4, World.
=515  \\$aVolumes for 2016- issued in 2 vols. : Volume 1, UK & Ireland; volume 2, world news media (excluding UK & Ireland).
=588  \\$aLatest issue consulted: volume 2 (2016) = 164th edition, published 2015.
=595  \\$aFORMERLY 1892.053 UP TO ED. 140, 1992 SEE ALSO 1892.053 FOR EXTERNAL HOLDINGS.
=540  \\$aCurrent Copyright Fee: GBP25.00$c0$5Uk
=650  \0$aPeriodicals$xPublishing$vDirectories.
=650  \0$aNewspapers$vDirectories.
=650  \0$aMass media$vDirectories.
=780  00$tBenn's media directory
=852  41$aBritish Library$bHMNTS$cSPHOA$kNRR Enquiry Desk
=852  41$aBritish Library$bHMNTS$cSPHOA$kNRR Enquiry Desk$3Latest edition only
=852  11$aBritish Library$bSTI$cBIPC$k(B) DIR$h070.572$mBusiness$3Current edition
=852  41$aBritish Library$bHMNTS$jP.823/57$3Ed. 141 (1993)-ed. 166 (2018)
=852  41$aBritish Library$bDSC$j1892.052900$3Ed. 141 (1993)-ed. 157 (2009)
=852  11$aBritish Library$bHMNTS$cSPHOA$kHUR$h338.4707$3Current edition only
=852  71$aBritish Library$bSTI$cRES$k(XP)$hAA 660$m-E(1)$2blsrissc$31993-***Earlier issues
=945  \\$aBENNS MEDIA.
=959  \\$fHeld but not currently received
=985  \\$aRecord merged by DQ team
=985  \\$aDo not merge with ISSN records
=CAT  \\$aCONV$b00$c20040502$lBLL01$h1156
=CAT  \\$aBATCH-CLA$b00$c20210227$lBLL01$h1017
=CAT  \\$aIPL-CLA$c20210331$lBLL01$h1831
=CAT  \\$aBATCH-CLA$b00$c20210528$lBLL01$h1529
=CAT  \\$aIPL-CLA$c20210704$lBLL01$h1111
=CAT  \\$aBATCH-CLA$b00$c20210917$lBLL01$h1607
=CAT  \\$aIPL-CLA$c20210930$lBLL01$h1644
=CAT  \\$aBATCH-CLA$b00$c20211203$lBLL01$h0820
=CAT  \\$aIPL-CLA$c20211231$lBLL01$h1710
=CAT  \\$aBATCH-CLA$b00$c20220304$lBLL01$h1533
=CAT  \\$aIPL-CLA$c20220331$lBLL01$h2113
=CAT  \\$aBATCH-CLA$b00$c20220601$lBLL01$h1545
=CAT  \\$aIPL-CLA$c20220630$lBLL01$h1655
=CAT  \\$aBATCH-CLA$b00$c20220903$lBLL01$h0720
=CAT  \\$aIPL-CLA$c20220930$lBLL01$h1545
=CAT  \\$aBATCH-CLA$b00$c20221130$lBLL01$h1501
=CAT  \\$aIPL-CLA$c20221231$lBLL01$h1814
=CAT  \\$aBATCH-CLA$b00$c20230209$lBLL01$h1547
=CAT  \\$aBATCH-CLA$b00$c20230209$lBLL01$h1548
=CAT  \\$aIPL-CLA$c20230210$lBLL01$h0039
=CAT  \\$aBATCH-CLA$b00$c20230314$lBLL01$h1829
=CAT  \\$aIPL-CLA$c20230331$lBLL01$h1606
=CAT  \\$aBATCH-CLA$b00$c20230531$lBLL01$h1703
=CAT  \\$aIPL-CLA$c20230630$lBLL01$h1702
=CAT  \\$aBATCH-CLA$b00$c20230906$lBLL01$h1740
=CAT  \\$aIPL-CLA$c20230930$lBLL01$h0952
=CFI  0\$aCurrent Copyright Fee: GBP25.00$c0$e01-oct-2023$fGBP25.00$g0$hC$5Uk
=CFI  2\$aPrevious Copyright Fee: GBP25.00$c0$e01-jul-2023$fGBP25.00$g0$hC$5Uk
=FIN  \\$aY
=LEO  \\$aMP13.0000343992
=LEO  \\$aMP25.0000320728
=LEO  \\$aMP5.0001497822
=LEO  \\$aMP10.0000092057
=LKR  \\$aPAR$b011095411$lBLL01$r78000$mBenn's media.$nBenn's media directory.
=SRC  \\$aHSS01$bbibmp13.200404.2.aa
=SRC  \\$aDSS03$bbibsr.200404.2.aa
=SRC  \\$aSRI01$bbibmp25.200404.2.aa
=SRC  \\$aBNB03$bbibmp5.200404.2.ac
=SRC  \\$aDSS01$bbibmp10.200404.2.aa
=TCO  \\$aCLA$bCLA$c008
=ACF  \\$aPrevious Copyright Fee: GBP6.00$c0$e01-oct-2008$fGBP6.00$g0$hC$5Uk
=ACF  \\$aPrevious Copyright Fee: GBP5.00$c0$e01-jul-2007$fGBP5.00$g0$hC$5Uk
=ACF  \\$aPrevious Copyright Fee: GBP5.00$c0$e01-apr-2007$fGBP5.00$g0$hC$5Uk
=ACF  \\$aPrevious Copyright Fee: GBP5.00$c0$e01-jan-2007$fGBP5.00$g0$hC$5Uk
=ACF  \\$aPrevious Copyright Fee: GBP5.00$c0$e01-oct-2006$fGBP5.00$g0$hC$5Uk
=ACF  \\$aPrevious Copyright Fee: GBP5.00$c0$e01-jul-2006$fGBP5.00$g0$hC$5Uk
=ACF  \\$aPrevious Copyright Fee: GBP5.00$c0$e01-apr-2006$fGBP5.00$g0$hC$5Uk
=ACF  \\$aPrevious Copyright Fee: GBP5.00$c0$e01-jan-2006$fGBP5.00$g0$hC$5Uk
=ACF  \\$aPrevious Copyright Fee: GBP5.00$c0$e01-oct-2005$fGBP5.00$g0$hC$5Uk
=ACF  \\$aPrevious Copyright Fee: GBP5.00$c0$e01-jul-2005$fGBP5.00$g0$hC$5Uk
=ACF  \\$aPrevious Copyright Fee: GBP5.00$c0$e01-apr-2005$fGBP5.00$g0$hC$5Uk
=ACF  \\$aPrevious Copyright Fee: GBP5.00$c0$e01-jan-2005$fGBP5.00$g0$hC$5Uk
=ACF  \\$aPrevious Copyright Fee: GBP5.00$c0$e01-oct-2004$fGBP5.00$g0$hC$5Uk
=ACF  \\$aPrevious copyright fee: GBP5.00$c0$e01-jul-2002$fGBP5.00$g0$hC$5Uk
=ACF  \\$aCurrent copyright fee: GBP2.50$c0$e01-jul-1998$fGBP2.50$g0$hC$5Uk
=ACF  \\$aCurrent copyright fee: GBP2.30$c0$e01-apr-1997$fGBP2.30$g0$hC$5Uk
=ACF  \\$aPrevious copyright fee: GBP10.50$c0$e01-jan-2011$fGBP10.50$g0$hA$5Uk
=ACF  \\$aPrevious copyright fee: GBP12.00$c0$e01-jan-2012$fGBP12.00$g0$hA$5Uk
=ACF  \\$aPrevious Copyright Fee: GBP12.30$c0$e01-jan-2014$fGBP12.30$g0$hA$5Uk
=ACF  \\$aPrevious Copyright Fee: GBP12.30$c0$e01-apr-2016$fGBP12.30$g0$hC$5Uk
=ACF  \\$aPrevious Copyright Fee: GBP12.30$c0$e01-jul-2016$fGBP12.30$g0$hC$5Uk
=ACF  \\$aPrevious Copyright Fee: GBP12.30$c0$e01-oct-2016$fGBP12.30$g0$hC$5Uk
=ACF  \\$aPrevious Copyright Fee: GBP15.00$c0$e01-jan-2017$fGBP15.00$g0$hC$5Uk
=ACF  \\$aPrevious Copyright Fee: GBP15.00$c0$e01-apr-2017$fGBP15.00$g0$hC$5Uk
=ACF  \\$aPrevious Copyright Fee: GBP15.00$c0$e01-jul-2017$fGBP15.00$g0$hC$5Uk
=ACF  \\$aPrevious Copyright Fee: GBP15.00$c0$e01-oct-2017$fGBP15.00$g0$hC$5Uk
=ACF  \\$aPrevious Copyright Fee: GBP17.50$c0$e01-jan-2018$fGBP17.50$g0$hC$5Uk
=ACF  \\$aPrevious Copyright Fee: GBP17.50$c0$e01-apr-2018$fGBP17.50$g0$hC$5Uk
=ACF  \\$aPrevious Copyright Fee: GBP17.50$c0$e01-jul-2018$fGBP17.50$g0$hC$5Uk
=ACF  \\$aPrevious Copyright Fee: GBP17.50$c0$e01-oct-2018$fGBP17.50$g0$hC$5Uk
=ACF  \\$aPrevious Copyright Fee: GBP17.50$c0$e01-jan-2019$fGBP17.50$g0$hC$5Uk
=ACF  \\$aPrevious Copyright Fee: GBP17.50$c0$e01-apr-2019$fGBP17.50$g0$hC$5Uk
=ACF  \\$aPrevious Copyright Fee: GBP17.50$c0$e01-jul-2019$fGBP17.50$g0$hC$5Uk
=ACF  \\$aPrevious Copyright Fee: GBP17.50$c0$e01-oct-2019$fGBP17.50$g0$hC$5Uk
=ACF  \\$aPrevious Copyright Fee: GBP20.00$c0$e01-jan-2020$fGBP20.00$g0$hC$5Uk
=ACF  \\$aPrevious Copyright Fee: GBP20.00$c0$e01-apr-2020$fGBP20.00$g0$hC$5Uk
=ACF  \\$aPrevious Copyright Fee: GBP20.00$c0$e01-jul-2020$fGBP20.00$g0$hC$5Uk
=ACF  \\$aPrevious Copyright Fee: GBP20.00$c0$e01-oct-2020$fGBP20.00$g0$hC$5Uk
=ACF  \\$aPrevious Copyright Fee: GBP22.50$c0$e01-jan-2021$fGBP22.50$g0$hC$5Uk
=ACF  \\$aPrevious Copyright Fee: GBP22.50$c0$e01-apr-2021$fGBP22.50$g0$hC$5Uk
=ACF  \\$aPrevious Copyright Fee: GBP22.50$c0$e01-jul-2021$fGBP22.50$g0$hC$5Uk
=ACF  \\$aPrevious Copyright Fee: GBP22.50$c0$e01-oct-2021$fGBP22.50$g0$hC$5Uk
=ACF  \\$aPrevious Copyright Fee: GBP22.50$c0$e01-jan-2022$fGBP22.50$g0$hC$5Uk
=ACF  \\$aPrevious Copyright Fee: GBP22.50$c0$e01-apr-2022$fGBP22.50$g0$hC$5Uk
=ACF  \\$aPrevious Copyright Fee: GBP22.50$c0$e01-jul-2022$fGBP22.50$g0$hC$5Uk
=ACF  \\$aPrevious Copyright Fee: GBP22.50$c0$e01-oct-2022$fGBP22.50$g0$hC$5Uk
=ACF  \\$aBritish Library not licensed to copy$c0$e01-jan-2023$hC$iCFP Excluded$5Uk
=ACF  \\$aPrevious Copyright Fee: GBP25.00$c0$e09-feb-2023$fGBP25.00$g0$hC$5Uk
=ACF  \\$aPrevious Copyright Fee: GBP25.00$c0$e01-apr-2023$fGBP25.00$g0$hC$5Uk
=LAS  \\$aIPL-CLA$b00$c20230930$lBLL01$h0952

