=LDR  01536 am a2200409ua 4500
=001  006759742
=003  Uk
=005  20091118014800.0
=008  980706s1998\\\\enkg\\\||i\\\\001\||eng\\
=FMT  \\$a  BK
=015  \\$aGB9833343$2bnb
=019  1\$a0193111500
=019  s\$aoamu01444
=020  \\$a0193111500 :$c£300.00
=040  \\$aDLC$cDLC$dUk
=082  04$a016.78227$221
=100  1\$aTemperley, Nicholas.
=245  14$aThe hymn tune index :$ba census of English-language hymn tunes in printed sources from 1535 to 1820 /$cNicholas Temperley ; assisted by Charles G. Manns and Joseph Herl.
=260  \\$aOxford :$bOxford University Press,$c1998.
=300  \\$a4 v. :$bmusic ;$c29cm.
=336  \\$atext$2rdacontent
=337  \\$aunmediated$2rdamedia
=338  \\$avolume$2rdacarrier
=504  \\$aIncludes bibliographical references and index.
=505  0\$aContents: Vol.1 Introduction and sources _ Vol.2 Tune indexes _ Vol.3 Tune census, Tunes 1-4999 _ Vol.4 Tune census, Tunes 5000-17424.
=650  \0$aHymns, English$xBibliography.
=700  1\$aManns, Charles G.,$d1949-
=700  1\$aHerl, Joseph.
=852  41$aBritish Library$bMUSIC$cREF$kM.R.Ref.$h782.27
=852  41$aBritish Library$bHMNTS$jYC.1998.b.3175
=852  11$aBritish Library$bHMNTS$cSPHOA$kMUS$h782.27$3[Another copy]
=CAT  \\$aCONV$b00$c20040502$lBLL01$h1156
=CAT  \\$aBATCH$b00$c20091118$lBLL01$h0148
=FIN  \\$aY
=LEO  \\$aMP13.0001421775
=SRC  \\$aHSS01$bbibmp13.200404.2.ac
=LAS  \\$aBATCH$b00$c20091118$lBLL01$h0148

