=LDR  02452 am a2200673ua 4500
=001  006777363
=003  Uk
=005  20201124181813.0
=008  011106s2001\\\\enk\\\\||d\\\\000\||eng\\
=FMT  \\$a  BK
=015  \\$aGBA1X0267$2bnb
=019  0\$as671962000
=019  1\$a0245607021
=019  s\$aoagh21326
=019  y\$abA1X0267
=019  9\$a0245607021
=020  \\$a0245607021
=020  \\$a0245504559 (France)
=040  \\$aUk$cUk$dUk
=041  0\$aeng$afre
=082  04$a443.21$221
=084  \\$aAA 111(FRE)$2blsrissc
=245  00$aHarrap's unabridged dictionary/dictionnaire /$c[editor-in-chief, Patrick White ; managing editor, Anna Stevenson ; senior editors, Gearóid Cronin, Laurence Larroche, Georges Pilard ; editors, Lola Busuttil ...[et al.] with Dougal Campbell ...[et al.]]. Vol. 2, French-English = Français-Anglais.
=260  \\$aLondon :$bHarrap,$c2001.
=300  \\$axl, 1306, 87 p. ;$c30 cm.
=336  \\$atext$2rdacontent
=337  \\$aunmediated$2rdamedia
=338  \\$avolume$2rdacarrier
=500  \\$aCover and spine title: Harrap's unabridged dictionnaire.
=546  \\$aText in English and French.
=650  \0$aFrench language$vDictionaries$xEnglish.
=650  \0$aEnglish language$vDictionaries$xFrench.
=700  1\$aWhite, Patrick,$d1965-
=700  1\$aStevenson, Anna,$d1967-
=700  1\$aCronin, Gearóid.
=700  1\$aLarroche, Laurence.
=700  1\$aPilard, Georges.
=700  1\$aBusuttil, Lola.
=852  11$aBritish Library$bHMNTS$cSPHOA$kHLD$mFRE$3[Another copy.]
=852  41$aBritish Library$bHMNTS$jYC.2003.b.696
=852  11$aBritish Library$bHMNTS$cSPHOA$kHLD$mFRE$3[Another copy.]
=852  71$aBritish Library$bSTI$k(B)$hAA 111$m(FRE)$2blsrissc
=957  \\$a011031p
=985  \\$aUpgraded by BSS-generated file for WR2011-1473
=CAT  \\$aCONV$b00$c20040502$lBLL01$h1157
=CAT  \\$aBATCH$b00$c20091118$lBLL01$h0154
=CAT  \\$aBATCH-UPD$b00$c20100212$lBLL01$h1800
=CAT  \\$a6537$b40$c20110209$lBLL01$h0802
=CAT  \\$aBATCH-UPD$b40$c20160612$lBLL01$h2229
=CAT  \\$aW2011-1473$b00$c20201124$lBLL01$h1818
=FIN  \\$aY
=LEO  \\$aMP5.0001559034
=LEO  \\$aMP13.0001476635
=LEO  \\$aMP25.0000351711
=SRC  \\$aLDS01$bbiblm.200404.2.aa
=SRC  \\$aBNB03$bbibmp5.200404.2.ac
=SRC  \\$aHSS01$bbibmp13.200404.2.ac
=SRC  \\$aSRI01$bbibmp25.200404.2.aa
=LAS  \\$aW2011-1473$b00$c20201124$lBLL01$h1818

