=LDR  01885pam a2200565 a 4500
=001  006958158
=003  Uk
=005  20060120123957.0
=008  030602s2004\\\\deu\\\\\\bd\\\000\0\eng\\
=FMT  \\$a  BK
=010  \\$a2003054829  
=015  \\$aGBA3V6647$2bnb
=016  7\$a006958158$2Uk
=019  y\$abA3V6647
=019  9\$a0712348220
=020  \\$a1584561122 (Oak Knoll) :$cNo price
=020  \\$a0712348820 (BL) :$c£12.95
=039  0\$a2753
=040  \\$aStDuBDS$dUk
=042  \\$aukblsr
=050  00$aZ1006$b.C37 2004
=082  00$a002.075$222
=100  1\$aCarter, John,$d1905-1975.
=245  10$aABC for book collectors /$cJohn Carter.
=250  \\$a8th ed. /$b[with corrections, additions, and an introduction by] Nicholas Barker.
=260  \\$aNew Castle, DE :$bOak Knoll Press ;$aLondon :$bBritish Library,$c2004.
=300  \\$a232 p. ;$c22 cm.
=336  \\$atext$2rdacontent
=337  \\$aunmediated$2rdamedia
=338  \\$avolume$2rdacarrier
=500  \\$aFormerly CIP.$5Uk
=650  \0$aBibliography$vDictionaries.
=650  \0$aBook collecting$vDictionaries.
=650  \0$aBook industries and trade$vDictionaries.
=700  1\$aBarker, Nicolas.
=852  41$aBritish Library$bHMNTS$cSPHOA$kRAR Enquiry Desk$3[Another copy in Rare Books Reference Service Office]
=852  41$aBritish Library$bHMNTS$cSPHOA$kRAR$h002.03
=852  41$aBritish Library$bHMNTS$jYC.2006.a.2984
=CAT  \\$aCONV$b00$c20040425$lBLL90$h0535
=CAT  \\$aCONV$b00$c20040502$lBLL01$h1207
=CAT  \\$aCIP_LDO_M$b00$c20050604$lBLL01$h1455
=CAT  \\$a5004$b40$c20060120$lBLL01$h1239
=CAT  \\$aWR16_021$c20160609$lBLL01$h1942
=FIN  \\$aY$d20060120
=LDO  \\$aCIP
=LEO  \\$aMP5.0000199960
=SRC  \\$aLDS01$bbiblm.200404.2.aa
=SRC  \\$aBNB03$bbibmp5.200404.2.aa
=SRC  \\$aBLL02
=LAS  \\$aWR16_021$b00$c20160609$lBLL01$h1942

