=LDR  03474 am a2200889 a 4500
=001  007044164
=003  Uk
=005  20060509144153.0
=008  040213s2004\\\\xxua\\\\\\\\\\001\0\eng\\
=FMT  \\$a  BK
=015  \\$aGBA415848$2bnb
=016  7\$a007044164$2Uk
=019  y\$abA415848
=019  9\$a0716783398
=019  0\$as69427500x
=019  0\$as694288004
=020  \\$a0716708094 (v. 1 : cased) :$c£34.99
=020  \\$a071678338X (v. 1 : pbk. ) :$c£31.99
=020  \\$a0716709007 (v. 1A : pbk.) :$c£19.99
=020  \\$a0716709031 (v. 1B : pbk.) :$c£15.99
=020  \\$a0716708108 (v. 2 : cased) :$c£34.99
=020  \\$a0716783371 (v. 2 : pbk.) :$c£31.99
=020  \\$a0716709023 (v. 2A : pbk.) :$c£10.99
=020  \\$a0716709015 (v. 2B : pbk.) :$c£16.99
=020  \\$a0716709066 (v. 2C : pbk.) :$c£16.99
=020  \\$a0716783363 (v. 3 : pbk.) :$c£23.99
=020  \\$a0716783398 (standard : cased) :$c£36.99
=039  0\$a2780
=040  \\$aDLC$beng$cDLC$dUk
=042  \\$aukblsr
=082  04$a530$222
=100  1\$aTipler, Paul Allen,$d1933-
=245  10$aPhysics for scientists and engineers /$c[Paul A. Tipler, Gene Mosca]
=250  \\$a5th ed.
=260  \\$aNew York ;$a[Great Britain] :$bW.H. Freeman and Co,$cc2004.
=300  \\$av. :$bill. (some col.) ;$c29 cm.
=336  \\$atext$2rdacontent
=337  \\$aunmediated$2rdamedia
=338  \\$avolume$2rdacarrier
=505  0\$av. 1. Mechanics, oscillations and waves, thermodynamics (chapters 1-20 and relativity mini-chapter) -- v. 1A. Mechanics (chapters 1-13 and relativity mini-chapter) -- v. 1B. Oscillations and waves, thermodynamics (chapters 14-20) -- v. 2. Electricity and magnetism, light, modern physics (chapters 21-41) -- v. 2A. Electricty (chapters 21-25) -- v. 2B. Electrodynamics, light (chapters 26-33) -- v. 2C. Elementary modern physics (chapters 34-41) -- Standard (chapters 1-33 and relativity mini-chapter) -- Extended (chapters 1-41 and relativity mini-chapter) -- v. 3. Elementary modern physics.
=500  \\$aPrevious ed.: 1999.
=500  \\$aIncludes index.
=597  \\$aEnhanced$bSRIS DDC
=650  \0$aPhysics.
=700  1\$aMosca, Gene.
=852  41$aBritish Library$bHMNTS$iv. 1
=852  41$aBritish Library$bHMNTS$jLC.31.b.776$ivol. 1
=852  41$aBritish Library$bHMNTS$iv. 2C
=852  41$aBritish Library$bHMNTS$jLC.31.a.685$iv. 2B
=852  41$aBritish Library$bHMNTS$iv. 1B
=852  11$aBritish Library$bSTI$k(B)$h530$iv. 2
=852  11$aBritish Library$bSTI$k(B)$h530
=957  \\$a040203c
=AQN  \\$adup rec 6/2/04
=CAT  \\$aCONV$b00$c20040425$lBLL90$h0536
=CAT  \\$aCONV$b00$c20040502$lBLL01$h1208
=CAT  \\$a10932$b40$c20050204$lBLL01$h1206
=CAT  \\$a10932$b40$c20050204$lBLL01$h1207
=CAT  \\$a10746$b40$c20050510$lBLL01$h1408
=CAT  \\$a11317$b40$c20060509$lBLL01$h1441
=CAT  \\$aBATCH$b00$c20091207$lBLL01$h0325
=CAT  \\$aWR16_021$c20160609$lBLL01$h1944
=FIN  \\$aY$d20050204
=LDO  \\$aBLEF
=LDO  \\$aCIP$bhbk
=LDO  \\$aLDO$bhbk$c3/12/03
=LEO  \\$aMP5.0000205106
=LEO  \\$aMP25.0000370914
=LEO  \\$aMP25.0000370925
=LEO  \\$aMP5.0000205034
=LEO  \\$aMP5.0000205105
=LEO  \\$aMP5.0000205104
=LEO  \\$aMP5.0000205103
=SRC  \\$aBNB03$bbibmp5.200404.2.aa
=SRC  \\$aSRI01$bbibmp25.200404.2.aa
=SRC  \\$aLDS01$bbiblm.200404.2.aa
=LAS  \\$aWR16_021$b00$c20160609$lBLL01$h1944

