=LDR  02636pam a2200769 a 4500
=001  007056913
=003  Uk
=005  20041007132520.0
=008  031104s2004\\\\enk\\\\\\b\\\\001\0\eng\\
=FMT  \\$a  BK
=015  \\$aGBA4Y6470$2bnb
=016  7\$a007056913$2Uk
=019  y\$abA4Y6470
=019  9\$a1843340704
=019  g\$aadv5005489339
=019  a\$aG08041607
=020  \\$a1843340704 (cased) :$c£55.00
=020  \\$a1843340690 (pbk.) :$c£39.00
=039  0\$a2782
=040  \\$aStDuBDS$dUk
=042  \\$aukblsr
=082  04$a025.5863$222
=100  1\$aJacobs, Neil.
=245  00$aOnline information services in the social sciences :$cedited by Neil Jacobs and Lesly Huxley.
=260  \\$aOxford :$bChandos,$c2004.
=300  \\$axiii, 254 p. :$bill. ;$c24 cm.
=336  \\$atext$2rdacontent
=337  \\$aunmediated$2rdamedia
=338  \\$avolume$2rdacarrier
=490  1\$aChandos information professional series
=504  \\$aIncludes bibliographical references and index.
=500  \\$aFormerly CIP.$5Uk
=650  \0$aOnline information services.
=650  \0$aOnline information services$vUse studies.
=650  \0$aSocial sciences$xElectronic information resources$vUse studies.
=700  1\$aJacobs, Neil.
=700  1\$aHuxley, Lesly.
=830  \0$aChandos information professional series.
=852  41$aBritish Library$bHMNTS$hOPL 025.52
=852  11$aBritish Library$bHMNTS$cSPHOA$kHUR$h025.58
=852  41$aBritish Library$bDSC$jm04/30256
=966  \\$uo$lACQUIS 19/04/2004
=CAT  \\$aCONV$b00$c20040425$lBLL90$h0541
=CAT  \\$aCONV$b00$c20040502$lBLL01$h1208
=CAT  \\$a6605$b40$c20040928$lBLL01$h0734
=CAT  \\$a8982$b40$c20040930$lBLL01$h1233
=CAT  \\$a7416$b40$c20041005$lBLL01$h1109
=CAT  \\$a10812$b40$c20041007$lBLL01$h1325
=CAT  \\$aglobal_upd$b40$c20060417$lBLL01$h0324
=CAT  \\$aBATCH$b00$c20091118$lBLL01$h2228
=CAT  \\$aBATCH$b00$c20091207$lBLL01$h0326
=CAT  \\$aBATCH$b00$c20091214$lBLL01$h0158
=CAT  \\$aBATCH$b00$c20091216$lBLL01$h0033
=CAT  \\$aBATCH$b00$c20100103$lBLL01$h1146
=CAT  \\$aBATCH-UPD$b00$c20100911$lBLL01$h2141
=CAT  \\$aWR16_021$c20160609$lBLL01$h1944
=CAT  \\$aBATCH-UPD$b00$c20160609$lBLL01$h2034
=CAT  \\$aBATCH-UPD$b00$c20160929$lBLL01$h2036
=CAT  \\$aBATCH-UPD$b00$c20161009$lBLL01$h2105
=FIN  \\$aY
=LDO  \\$aLDO
=LEO  \\$aMP5.0000390413
=LEO  \\$aMP8.0001916522
=SRC  \\$aLDS01$bbiblm.200404.2.aa
=SRC  \\$aBNB03$bbibmp5.200404.2.aa
=SRC  \\$aDSC01$bbibmp8.200404.2.ac
=LAS  \\$aBATCH-UPD$b00$c20161009$lBLL01$h2105

