=LDR  01274 am a22003973  4500
=001  005348471
=003  Uk
=005  20200619192526.0
=008  970318|1937\\\\enk\\\\||\\\\||||\||eng\|
=FMT  \\$a  BK
=019  0\$as07762100x
=040  \\$aUk$cUk
=084  \\$aVA 10$2blsrissc
=110  2\$aScience Museum (Great Britain)
=245  10$aInterpretive history of flight /$cby M. J. B. Davy.
=264  \1$aLondon :$bH.M.S.O.,$c1937.
=300  \\$a206 ;$c(8º)
=336  \\$atext$2rdacontent
=337  \\$aunmediated$2rdamedia
=338  \\$avolume$2rdacarrier
=500  \\$a16 plates.
=700  1\$aDavy, M. J. B.
=852  41$aBritish Library$bDSC$jOP-GPA/14330
=852  11$aBritish Library$bDSC$h629.1309 *1*
=852  71$aBritish Library$bSTI$cRES$k(XB)$hVA 10$2blsrissc
=985  \\$aCorrected by MS generated file for WR# 1805-0738
=CAT  \\$aCONV$b00$c20040502$lBLL01$h1057
=CAT  \\$a5194$b40$c20060224$lBLL01$h1447
=CAT  \\$aBATCH$b00$c20091205$lBLL01$h2307
=CAT  \\$a1805-0738$c20181214$lBLL01$h1829
=CAT  \\$a1805-0738$b00$c20181214$lBLL01$h1903
=CAT  \\$aW2001-2376$c20200619$lBLL01$h1925
=FIN  \\$aY
=LEO  \\$aMP26.0000002920
=SRC  \\$aSRI02$bbibmp26.200404.2.aa
=LAS  \\$aW2001-2376$b00$c20200619$lBLL01$h1925

