=LDR  00930 am a22003133  4500
=001  005351592
=003  Uk
=005  20091205230900.0
=008  961022|1948\\\\enk\\\\||\\\\||||\||eng\|
=FMT  \\$a  BK
=019  0\$as085403008
=040  \\$aUk$cUk
=084  \\$aNK 00$2blsrissc
=110  2\$aFuel Research Board.
=245  14$aThe winning, harvesting and utilization of peat.
=260  \\$aLondon :$bH.M.S.O.,$c1948.
=300  \\$aiv,24p. ;$c24cm.
=336  \\$atext$2rdacontent
=337  \\$aunmediated$2rdamedia
=338  \\$avolume$2rdacarrier
=852  71$aBritish Library$bSTI$cRES$k(B)$hNK 00$2blsrissc
=852  11$aBritish Library$bDSC$hq662.6 *2*
=852  41$aBritish Library$bDSC$jW38/7638
=CAT  \\$aCONV$b00$c20040502$lBLL01$h1057
=CAT  \\$aBATCH$b00$c20091205$lBLL01$h2309
=FIN  \\$aY
=LEO  \\$aMP26.0000006041
=SRC  \\$aSRI02$bbibmp26.200404.2.aa
=LAS  \\$aBATCH$b00$c20091205$lBLL01$h2309

