=LDR  01266 am a22003733  4500
=001  005353885
=003  Uk
=005  20100911183500.0
=008  960305|1951\\\\enk\\\\||\\\\||||\||eng\|
=FMT  \\$a  BK
=019  0\$as090976002
=040  \\$aUk$cUk
=084  \\$aPL 20$2blsrissc
=110  1\$aGreat Britain.$bMinistry of Supply.
=245  10$aServomechanisms.
=260  \\$aLondon :$bD.S.I.R.,$c1951.
=300  \\$aiv, 294p. ;$c25cm.
=336  \\$atext$2rdacontent
=337  \\$aunmediated$2rdamedia
=338  \\$avolume$2rdacarrier
=490  0\$aSelected government research reports ;$vvol. 5
=500  \\$aPublished for the Technical Information and Documents Unit of the Dept. of Scientific and Industrial Research.
=710  2\$aTechnical Information and Documents Unit.
=852  41$aBritish Library$bDSC$jOP-GPA/5647
=852  11$aBritish Library$bDSC$h531.8
=852  71$aBritish Library$bSTI$cRES$k(B)$hPL 20$2blsrissc
=CAT  \\$aCONV$b00$c20040502$lBLL01$h1057
=CAT  \\$a8964$b40$c20050606$lBLL01$h1437
=CAT  \\$aBATCH$b00$c20091205$lBLL01$h2310
=CAT  \\$aBATCH-UPD$b00$c20100911$lBLL01$h1835
=FIN  \\$aY
=LEO  \\$aMP26.0000008334
=SRC  \\$aSRI02$bbibmp26.200404.2.aa
=LAS  \\$aBATCH-UPD$b00$c20100911$lBLL01$h1835

