=LDR  01568 am a22004453  4500
=001  005354918
=003  Uk
=005  20130908231300.0
=008  960305|1954\\\\enk\\\\||\\\\||||\||eng\|
=FMT  \\$a  BK
=019  0\$as093905009
=040  \\$aUk$cUk
=084  \\$aPX 00$2blsrissc
=084  \\$aPW 172$2blsrissc
=110  1\$aGreat Britain.$bMinistry of Supply.
=245  10$aBritain's atomic factories :$bthe story of atomic energy production in Britain /$cby K. E. B. Jay.
=260  \\$aLondon :$bH.M.S.O.,$c1954.
=300  \\$ax, 100p. ;$c22cm.
=336  \\$atext$2rdacontent
=337  \\$aunmediated$2rdamedia
=338  \\$avolume$2rdacarrier
=500  \\$aPrepared by the Ministry of Supply and the Central Office of Information.
=700  1\$aJay, K. E. B.
=710  1\$aGreat Britain.$bCentral Office of Information.
=852  41$aBritish Library$bDSC$jOP-GPA/6771
=852  41$aBritish Library$bDSC$jOP-GPA/5575
=852  41$aBritish Library$bDSC$jOP-GPA/5936
=852  41$aBritish Library$bDSC$jOP-GPA/14717
=852  11$aBritish Library$bDSC$h621.48
=852  71$aBritish Library$bSTI$cRES$k(B)$hPX 00$2blsrissc
=CAT  \\$aCONV$b00$c20040502$lBLL01$h1057
=CAT  \\$a8964$b40$c20050606$lBLL01$h1437
=CAT  \\$a7332$b40$c20061025$lBLL01$h1103
=CAT  \\$aBATCH$b00$c20091205$lBLL01$h2310
=CAT  \\$aBATCH-UPD$b00$c20100911$lBLL01$h1836
=CAT  \\$aBATCH-UPD$b00$c20130908$lBLL01$h2313
=FIN  \\$aY
=LEO  \\$aMP26.0000009367
=SRC  \\$aSRI02$bbibmp26.200404.2.aa
=LAS  \\$aBATCH-UPD$b00$c20130908$lBLL01$h2313

