=LDR  01353 am a22003733  4500
=001  005359015
=003  Uk
=005  20091205231200.0
=008  960903|1960\\\\enk\\\\||\\\\||||\||eng\|
=FMT  \\$a  BK
=019  0\$as106147005
=040  \\$aUk$cUk
=084  \\$aSR 10$2blsrissc
=110  2\$aScience Museum (Great Britain)
=245  10$aSynopsis of historical events :$bmechanical and electrical engineering, including energy conversion, transmission and storage; atomic energy; pumping, blowing and compressing machinery; explosives and ordnance /$ccompiled by G. F. Westcott ; revised by H. P. Spratt.
=260  \\$aLondon :$bH.M.S.O.,$c1960.
=300  \\$a48p. ;$c25cm.
=336  \\$atext$2rdacontent
=337  \\$aunmediated$2rdamedia
=338  \\$avolume$2rdacarrier
=504  \\$aBibl. (4p)
=700  1\$aWestcott, G. F.
=700  1\$aSpratt, Hereward Philip.
=852  41$aBritish Library$bDSC$jOP-GPA/15193
=852  41$aBritish Library$bDSC$j'w27/4157
=852  11$aBritish Library$bDSC$cQ$h621.3
=852  71$aBritish Library$bSTI$cRES$k(B)$hSR 10$2blsrissc
=CAT  \\$aCONV$b00$c20040502$lBLL01$h1057
=CAT  \\$a5194$b40$c20060224$lBLL01$h1447
=CAT  \\$aBATCH$b00$c20091205$lBLL01$h2312
=FIN  \\$aY
=LEO  \\$aMP26.0000013464
=SRC  \\$aSRI02$bbibmp26.200404.2.aa
=LAS  \\$aBATCH$b00$c20091205$lBLL01$h2312

