=LDR  01619 am a22004573  4500
=001  005367315
=003  Uk
=005  20200619192637.0
=008  960430|1967\\\\xxu\\\\||\\\\||||\||eng\|
=FMT  \\$a  BK
=019  0\$as124411002
=040  \\$aUk$cUk
=041  1\$aeng$hrus
=084  \\$aSA 31$2blsrissc
=100  1\$aViktorov, Igor Aleksandrovich.
=245  10$aRayleigh and Lamb waves.
=264  \1$aNew York :$bPlenum Press,$c1967.
=300  \\$a164 pages ;$c(8º)
=336  \\$atext$2rdacontent
=337  \\$aunmediated$2rdamedia
=338  \\$avolume$2rdacarrier
=490  0\$aUltrasonic technology : a series of monographs
=500  \\$aTranslation of "Fizicheskie osnovy primeneniya ulʹtrazvukovykh voln releya i lemba v tekhnike", 1966. With additional matter by the author.
=504  \\$aBibl. (6p)
=852  4\$aBritish Library$bDSC$jW43/6899$xLost 12/4/99
=852  4\$aBritish Library$bDSC$xHeavy use dup. 3 copies
=852  71$aBritish Library$bSTI$cRES$k(B)$hSA 31$2blsrissc
=985  \\$aCorrected by MS generated file for WR# 1805-0738
=CAT  \\$aCONV$b00$c20040502$lBLL01$h1057
=CAT  \\$aUCB-HOL$b00$c20070905$lBLL01$h1516
=CAT  \\$aBATCH$b00$c20070905$lBLL01$h2210
=CAT  \\$aBATCH$b00$c20071125$lBLL01$h0144
=CAT  \\$aBATCH$b00$c20091205$lBLL01$h2316
=CAT  \\$a1805-0738$c20181214$lBLL01$h1829
=CAT  \\$a1805-0738$b00$c20181214$lBLL01$h1904
=CAT  \\$aW2001-2376$c20200619$lBLL01$h1926
=FIN  \\$aY
=LEO  \\$aMP26.0000021764
=SRC  \\$aSRI02$bbibmp26.200404.2.aa
=SRC  \\$aUCB 2007
=LAS  \\$aW2001-2376$b00$c20200619$lBLL01$h1926

