=LDR  01095 am a22003373  4500
=001  005387065
=003  Uk
=005  20100911185800.0
=008  951121|1970\\\\enk\\\\||\\\\||||\||eng\|
=FMT  \\$a  BK
=019  0\$as239209001
=040  \\$aUk$cUk
=084  \\$aBX 14$2blsrissc
=110  1\$aGreat Britain.$bMinistry of Technology.
=245  10$aIndustrial research and development in government laboratories :$ba new organization for the seventies.
=260  \\$aLondon :$bHMSO,$c1970.
=300  \\$a18p. ;$c25cm.
=336  \\$atext$2rdacontent
=337  \\$aunmediated$2rdamedia
=338  \\$avolume$2rdacarrier
=852  41$aBritish Library$bDSC$jW36/4360
=852  11$aBritish Library$bDSC$cQ$h607.2
=852  71$aBritish Library$bSTI$k(B)$hBX 14$2blsrissc
=CAT  \\$aCONV$b00$c20040502$lBLL01$h1058
=CAT  \\$a8964$b40$c20050606$lBLL01$h1439
=CAT  \\$aBATCH$b00$c20091205$lBLL01$h2326
=CAT  \\$aBATCH-UPD$b00$c20100911$lBLL01$h1858
=FIN  \\$aY
=LEO  \\$aMP26.0000041514
=SRC  \\$aSRI02$bbibmp26.200404.2.aa
=LAS  \\$aBATCH-UPD$b00$c20100911$lBLL01$h1858

