=LDR  04661cai a2201129 a 4500
=001  007158219
=003  Uk
=005  20221231181918.0
=007  td
=008  930216c19919999enkqr\l\\f\\\\0\\\a2eng\\
=FMT  \\$a  SE
=015  \\$aGB9311967$2bnb
=019  y\$ab9311967
=019  9\$ab9311967
=019  0\$as588753009
=019  c\$a2455215
=020  \\$a9781855241176 (loose-leaf) :$c£346.49
=040  \\$aUk$beng$cUk$dUk
=042  \\$aukblsr
=082  04$a363.7280941$222
=084  \\$aSP 02$2blsrissc
=130  0\$aWaste management (Kingston upon Thames, London, England)
=245  10$aWaste management /$c[consultant editor, Caroline Hand].
=246  3\$aCroner waste management
=247  10$aCroner's waste management$f1991-2004
=260  \\$aKingston upon Thames :$bCroner,$c1991-
=260  3\$32006-$aKingston upon Thames :$bWolters Kluwer (UK)
=300  \\$av. (loose-leaf) ;$c21-24 cm.
=310  \\$aUpdated quarterly
=336  \\$atext$2rdacontent
=337  \\$aunmediated$2rdamedia
=338  \\$avolume$2rdacarrier
=500  \\$aAccompanied by 2 diskettes.
=500  \\$aIncludes index.
=500  \\$aDescription based on: main work updated through amendment service no. 63, July 2007.
=595  \\$aSEE ALSO 3487.83671V.
=540  \\$aCurrent Copyright Fee: GBP25.00$c0$5Uk
=650  \0$aRefuse and refuse disposal$xLaw and legislation$zGreat Britain$vHandbooks, manuals, etc.
=650  \0$aRefuse and refuse disposal$zGreat Britain$vHandbooks, manuals, etc.
=650  \0$aSalvage (Waste, etc.)$zGreat Britain$vHandbooks, manuals, etc.
=700  1\$aHand, Caroline.
=710  2\$aCroner (Firm)
=776  0\$tCroner's waste management (CD-ROM)
=852  71$aBritish Library$bSTI$cRES$3Earlier issues
=852  11$aBritish Library$bSTI$k(TB)$h363.7280941$3Accompanying CD-ROM
=852  11$aBritish Library$bSTI$k(B)$h363.7280941$3EDIT 1-no. 108(2018)
=852  41$aBritish Library$bDSC$cV$j3487.836700
=945  \\$aCRONERS WASTE MANAGEMENT
=957  \\$aCR
=959  \\$fHeld but not currently received
=CAT  \\$aCONV$b00$c20040425$lBLL90$h0701
=CAT  \\$a8323$b40$c20071228$lBLL01$h1128
=CAT  \\$a8323$b40$c20071228$lBLL01$h1134
=CAT  \\$a8323$b40$c20071228$lBLL01$h1413
=CAT  \\$a8323$b40$c20080117$lBLL01$h1009
=CAT  \\$aBATCH-UPD$b40$c20101201$lBLL01$h1207
=CAT  \\$aBATCH-UPD$b40$c20101220$lBLL01$h1150
=CAT  \\$aIPL-CLA$c20101231$lBLL01$h1141
=CAT  \\$aWR11_203$c20111204$lBLL01$h1243
=CAT  \\$aIPL-CLA$c20111230$lBLL01$h1645
=CAT  \\$aBATCH-CLA$b00$c20121103$lBLL01$h1033
=CAT  \\$a8201$b40$c20130125$lBLL01$h1201
=CAT  \\$aWR13.005$c20130323$lBLL01$h1238
=CAT  \\$aBATCH-CLA$c20131213$lBLL01$h1955
=CAT  \\$aIPL-CLA$c20131231$lBLL01$h1828
=CAT  \\$aBATCH-CLA$b00$c20161222$lBLL01$h1651
=CAT  \\$aIPL-CLA$c20161230$lBLL01$h1754
=CAT  \\$aBATCH-CLA$b00$c20171222$lBLL01$h1945
=CAT  \\$aIPL-CLA$c20171231$lBLL01$h1331
=CAT  \\$aBATCH-CLA$b00$c20191219$lBLL01$h1616
=CAT  \\$aIPL-CLA$c20191231$lBLL01$h1706
=CAT  \\$aR2001-1524$c20200127$lBLL01$h1920
=CAT  \\$aBATCH-CLA$b00$c20201204$lBLL01$h1410
=CAT  \\$aIPL-CLA$c20201231$lBLL01$h1901
=CAT  \\$aBATCH-CLA$b00$c20221221$lBLL01$h1714
=CAT  \\$aIPL-CLA$c20221231$lBLL01$h1819
=CFI  0\$aCurrent Copyright Fee: GBP25.00$c0$e01-jan-2023$fGBP25.00$g0$hA$5Uk
=CFI  2\$aPrevious Copyright Fee: GBP22.50$c0$e01-jan-2021$fGBP22.50$g0$hA$5Uk
=FIN  \\$aY
=LEO  \\$aMP10.0000173745
=LEO  \\$aMP25.0000279818
=LEO  \\$aMP5.0000805554
=LKR  \\$aPAR$b007158220$lBLL01$r776$mCroner's waste management.$nCroner's waste management
=SRC  \\$aBNB03$bbibmp5.200404.2.ab
=SRC  \\$aSRI01$bbibmp25.200404.2.aa
=SRC  \\$aDSS01$bbibmp10.200404.2.aa
=SRC  \\$aDSS03$bbibsr.200404.2.aa
=TCO  \\$aCLA$bCLA$c008
=ACF  \\$aBritish Library not licensed to copy$c0$e29-may-2002$g0$hC$iCLA-excluded$5Uk
=ACF  \\$aBritish Library not licensed to copy$c0$e18-mar-1998$g0$iCLA-excluded$5Uk
=ACF  \\$aPrevious copyright fee: GBP10.50$c0$e01-jan-2011$fGBP10.50$g0$hA$5Uk
=ACF  \\$aPrevious copyright fee: GBP12.00$c0$e01-jan-2012$fGBP12.00$g0$hA$5Uk
=ACF  \\$aPrevious Copyright Fee: GBP12.30$c0$e01-jan-2014$fGBP12.30$g0$hA$5Uk
=ACF  \\$aPrevious Copyright Fee: GBP15.00$c0$e01-jan-2017$fGBP15.00$g0$hA$5Uk
=ACF  \\$aPrevious Copyright Fee: GBP17.50$c0$e01-jan-2018$fGBP17.50$g0$hA$5Uk
=ACF  \\$aPrevious Copyright Fee: GBP20.00$c0$e01-jan-2020$fGBP20.00$g0$hA$5Uk
=LAS  \\$aIPL-CLA$b00$c20221231$lBLL01$h1819

