=LDR  07024cas a2201393 a 4500
=001  007160582
=003  Uk
=005  20230210004103.0
=007  ta
=008  040409d19862012enkar\\\\\\\\\0\\\a0eng\\
=FMT  \\$a  SE
=019  c\$a2058252
=022  0\$a0959-4914$202
=040  \\$aUk$cUk$dUk
=042  \\$aissnuk
=082  0\$a011.34$222$qUK-WkNB
=210  0\$aCurr. ser. receiv. - Br. Libr., Doc. Supply Cent.
=222  \0$aCurrent serials received - British Library. Document Supply Centre
=245  00$aCurrent serials received - British Library. Document Supply Centre.
=260  \\$aBoston Spa :$bBritish Library Document Supply Centre
=300  \\$av.
=310  \\$aAnnual
=336  \\$atext$2rdacontent
=337  \\$aunmediated$2rdamedia
=338  \\$avolume$2rdacarrier
=595  \\$aFORMERLY 3504.027 UP TO 1971.
=540  \\$aCurrent Copyright Fee: GBP25.00$c0$5Uk
=650  \0$aEnglish periodicals$vBibliography$vPeriodicals.
=710  2\$aBritish Library.$bDocument Supply Centre.
=780  00$tCurrent serials received - British Library. Lending Division$x0309-0655
=852  11$aBritish Library$bHMNTS$cSPHOA$kOPL Enquiry Desk$h016.05$3Latest issue
=852  41$aBritish Library$bHMNTS$jBS.38/188.$3Earlier issues
=852  41$aBritish Library$bSTI$jEnquiry Desk S2$3Current issue
=852  71$aBritish Library$bSTI$cBIPC$mEnquiry Desk BIPC 1$3Current issue
=852  41$aBritish Library$bDSC$j3504.025000$3(1974)-(2011)
=852  71$aBritish Library$bSTI$k(A)$hAA 423$m-E(30) Centre Desk$31974-2009***Current issue
=945  \\$aCurrent serials received- British Library
=959  \\$fHeld but not currently received
=985  \\$aCorrected by MS generated file for WR# 12.018
=985  \\$aRecord merged by DQ team
=A02  \\$a2058252
=CAT  \\$aCONV$b00$c20040425$lBLL90$h0701
=CAT  \\$aIPL-CLA$c20110930$lBLL01$h1502
=CAT  \\$aBATCH-CLA$b00$c20111130$lBLL01$h1220
=CAT  \\$aIPL-CLA$c20111230$lBLL01$h1646
=CAT  \\$aBATCH-CLA$b00$c20120229$lBLL01$h1641
=CAT  \\$aIPL-CLA$c20120330$lBLL01$h1349
=CAT  \\$aBATCH-CLA$b00$c20120531$lBLL01$h1721
=CAT  \\$aIPL-CLA$c20120629$lBLL01$h0945
=CAT  \\$aBLSS-CORR$b00$c20120724$lBLL01$h1754
=CAT  \\$aBATCH-CLA$b00$c20120831$lBLL01$h1549
=CAT  \\$aIPL-CLA$c20120930$lBLL01$h1955
=CAT  \\$aBATCH-CLA$b00$c20121103$lBLL01$h1032
=CAT  \\$a8456$b40$c20130628$lBLL01$h1143
=CAT  \\$aBATCH-CLA$b00$c20131129$lBLL01$h1641
=CAT  \\$aIPL-CLA$c20131231$lBLL01$h1829
=CAT  \\$aBATCH-CLA$b00$c20161130$lBLL01$h1632
=CAT  \\$aIPL-CLA$c20161230$lBLL01$h1755
=CAT  \\$aBATCH-CLA$b00$c20171130$lBLL01$h1658
=CAT  \\$aIPL-CLA$c20171231$lBLL01$h1332
=CAT  \\$aBATCH-CLA$b00$c20191129$lBLL01$h1626
=CAT  \\$aIPL-CLA$c20191231$lBLL01$h1706
=CAT  \\$aBATCH-CLA$b00$c20201126$lBLL01$h1415
=CAT  \\$aIPL-CLA$c20201231$lBLL01$h1901
=CAT  \\$a6490$b40$c20220317$lBLL01$h1329
=CAT  \\$aBATCH-CLA$b00$c20221130$lBLL01$h1447
=CAT  \\$aIPL-CLA$c20221231$lBLL01$h1819
=CAT  \\$aBATCH-CLA$b00$c20230209$lBLL01$h1534
=CAT  \\$aIPL-CLA$c20230210$lBLL01$h0041
=CFI  0\$aCurrent Copyright Fee: GBP25.00$c0$e09-feb-2023$fGBP25.00$g0$hC$5Uk
=CFI  2\$aBritish Library not licensed to copy$c0$e01-jan-2023$hC$iCFP Excluded$5Uk
=FIN  \\$aY
=LEO  \\$aMP10.0000177143
=LEO  \\$aMP22.0000032475
=SRC  \\$aDSS01$bbibmp10.200404.2.aa
=SRC  \\$aISN01$bbibmp22.200404.2.aa
=TCO  \\$aCLA$bCLA$c008
=ACF  \\$aPrevious Copyright Fee: GBP12.00$c0$e01-apr-2012$fGBP12.00$g0$hC$5Uk
=ACF  \\$aPrevious Copyright Fee: GBP12.00$c0$e01-jan-2012$fGBP12.00$g0$hC$5Uk
=ACF  \\$aPrevious Copyright Fee: GBP10.50$c0$e01-oct-2011$fGBP10.50$g0$hC$5Uk
=ACF  \\$aPrevious Copyright Fee: GBP10.50$c0$e01-jul-2011$fGBP10.50$g0$hC$5Uk
=ACF  \\$aPrevious Copyright Fee: GBP10.50$c0$e01-apr-2011$fGBP10.50$g0$hC$5Uk
=ACF  \\$aPrevious Copyright Fee: GBP10.50$c0$e01-jan-2011$fGBP10.50$g0$hC$5Uk
=ACF  \\$aPrevious Copyright Fee: GBP9.00$c0$e01-oct-2010$fGBP9.00$g0$hC$5Uk
=ACF  \\$aPrevious Copyright Fee: GBP9.00$c0$e01-jul-2010$fGBP9.00$g0$hC$5Uk
=ACF  \\$aPrevious Copyright Fee: GBP9.00$c0$e01-apr-2010$fGBP9.00$g0$hC$5Uk
=ACF  \\$aPrevious Copyright Fee: GBP9.00$c0$e01-Jan-2010$fGBP9.00$g0$hC$5Uk
=ACF  \\$aPrevious Copyright Fee: GBP6.00$c0$e01-oct-2009$fGBP6.00$g0$hC$5Uk
=ACF  \\$aPrevious Copyright Fee: GBP6.00$c0$e01-jul-2009$fGBP6.00$g0$hC$5Uk
=ACF  \\$aPrevious Copyright Fee: GBP6.00$c0$e01-apr-2009$fGBP6.00$g0$hC$5Uk
=ACF  \\$aPrevious Copyright Fee: GBP6.00$c0$e01-jan-2009$fGBP6.00$g0$hC$5Uk
=ACF  \\$aPrevious Copyright Fee: GBP6.00$c0$e01-oct-2008$fGBP6.00$g0$hC$5Uk
=ACF  \\$aPrevious Copyright Fee: GBP6.00$c0$e01-jul-2008$fGBP6.00$g0$hC$5Uk
=ACF  \\$aPrevious Copyright Fee: GBP6.00$c0$e01-apr-2008$fGBP6.00$g0$hC$5Uk
=ACF  \\$aPrevious Copyright Fee: GBP6.00$c0$e01-jan-2008$fGBP6.00$g0$hC$5Uk
=ACF  \\$aPrevious Copyright Fee: GBP5.00$c0$e01-oct-2007$fGBP5.00$g0$hC$5Uk
=ACF  \\$aPrevious Copyright Fee: GBP5.00$c0$e01-jul-2007$fGBP5.00$g0$hC$5Uk
=ACF  \\$aPrevious Copyright Fee: GBP5.00$c0$e01-apr-2007$fGBP5.00$g0$hC$5Uk
=ACF  \\$aPrevious Copyright Fee: GBP5.00$c0$e01-jan-2007$fGBP5.00$g0$hC$5Uk
=ACF  \\$aPrevious Copyright Fee: GBP5.00$c0$e01-oct-2006$fGBP5.00$g0$hC$5Uk
=ACF  \\$aPrevious Copyright Fee: GBP5.00$c0$e01-jul-2006$fGBP5.00$g0$hC$5Uk
=ACF  \\$aPrevious Copyright Fee: GBP5.00$c0$e01-apr-2006$fGBP5.00$g0$hC$5Uk
=ACF  \\$aPrevious Copyright Fee: GBP5.00$c0$e01-jan-2006$fGBP5.00$g0$hC$5Uk
=ACF  \\$aPrevious Copyright Fee: GBP5.00$c0$e01-oct-2005$fGBP5.00$g0$hC$5Uk
=ACF  \\$aPrevious Copyright Fee: GBP5.00$c0$e01-jul-2005$fGBP5.00$g0$hC$5Uk
=ACF  \\$aPrevious Copyright Fee: GBP5.00$c0$e01-apr-2005$fGBP5.00$g0$hC$5Uk
=ACF  \\$aPrevious Copyright Fee: GBP5.00$c0$e01-jan-2005$fGBP5.00$g0$hC$5Uk
=ACF  \\$aPrevious Copyright Fee: GBP5.00$c0$e01-oct-2004$fGBP5.00$g0$hC$5Uk
=ACF  \\$aPrevious copyright fee: GBP5.00$c0$e01-jul-2000$fGBP5.00$g0$hC$5Uk
=ACF  \\$aCurrent copyright fee: GBP2.50$c0$e01-jul-1998$fGBP2.50$g0$hC$5Uk
=ACF  \\$aCurrent copyright fee: GBP2.30$c0$e01-apr-1997$fGBP2.30$g0$hC$5Uk
=ACF  \\$aPrevious Copyright Fee: GBP12.00$c0$e01-jul-2012$fGBP12.00$g0$hC$5Uk
=ACF  \\$aPrevious Copyright Fee: GBP12.00$c0$e01-oct-2012$fGBP12.00$g0$hC$5Uk
=ACF  \\$aPrevious Copyright Fee: GBP12.30$c0$e01-jan-2014$fGBP12.30$g0$hC$5Uk
=ACF  \\$aPrevious Copyright Fee: GBP15.00$c0$e01-jan-2017$fGBP15.00$g0$hC$5Uk
=ACF  \\$aPrevious Copyright Fee: GBP17.50$c0$e01-jan-2018$fGBP17.50$g0$hC$5Uk
=ACF  \\$aPrevious Copyright Fee: GBP20.00$c0$e01-jan-2020$fGBP20.00$g0$hC$5Uk
=ACF  \\$aPrevious Copyright Fee: GBP22.50$c0$e01-jan-2021$fGBP22.50$g0$hC$5Uk
=LAS  \\$aIPL-CLA$b00$c20230210$lBLL01$h0041

