=LDR  02374 am a22005653  4500
=001  004157551
=003  Uk
=005  20200619192218.0
=008  030909|1950||||enk\\\\||\\\\o|||\||eng\\
=FMT  \\$a  BK
=019  x\$a0981120040
=019  s\$aoaoc07622
=040  \\$aUk$cUk
=082  04$a011.310954$220
=110  1\$aGreat Britain.$bIndia Office.$bLibrary.
=245  10$aCatalogue of the Marathi Manuscripts in the India Office Library. By ... James Fuller Blumhardt and Sadashiv Govind Kanhere.
=264  \1$aOxford :$bClarendon Press,$c1950 [1951]
=300  \\$aviii, 125 pages ;$c(4º)
=336  \\$atext$2rdacontent
=337  \\$aunmediated$2rdamedia
=338  \\$avolume$2rdacarrier
=650  \0$aManuscripts, Marathi$zEngland$zLondon$xCatalogs.
=720  \\$aSADĀṢIVA GOVINDA KĀNHERE
=700  1\$aBlumhardt, James Fuller,$d-1922.
=886  2\$2blmarc$a709$b00$aBLUMHARDT$hJames Fuller$fand SADĀṢIVA GOVINDA KĀNHERE$p15000.c.41.$x0350880050
=886  2\$2blmarc$a709$b00$aSADĀṢIVA GOVINDA KĀNHERE$p15000.C.41.$x2870910096
=852  41$aBritish Library$bOC$j15000.c.41.
=852  11$aBritish Library$bOC$cSPHOA$kORC MAR MSS$h2$3[Another copy.]***Former departmental working copy, with numerous corrections and additions, in the text and on inserted slips or sheets of paper.***Held in OIOC.
=852  11$aBritish Library$bDSC$hq017.1 *2*
=958  \\$aORW.1986.b.180$cORC MAR MSS 2
=985  \\$aUpgraded by BSS-generated file for WR1910-0531
=CAT  \\$aCONV$b00$c20040502$lBLL01$h1023
=CAT  \\$a5194$b40$c20080320$lBLL01$h1412
=CAT  \\$aBATCH$b00$c20091204$lBLL01$h0043
=CAT  \\$aWR11_211$c20121115$lBLL01$h1751
=CAT  \\$aBLSS-CORR$b00$c20121115$lBLL01$h1817
=CAT  \\$aBATCH-UPD$b00$c20121115$lBLL01$h2036
=CAT  \\$a2407$b40$c20130130$lBLL01$h1135
=CAT  \\$aWR12.139$b00$c20130501$lBLL01$h1843
=CAT  \\$aWR13_070$b00$c20130504$lBLL01$h0120
=CAT  \\$aWR13_070C$c20130615$lBLL01$h2135
=CAT  \\$a1805-0738$c20181130$lBLL01$h1833
=CAT  \\$a1805-0738$b00$c20181130$lBLL01$h1910
=CAT  \\$aBATCH-UPD$b00$c20181201$lBLL01$h0801
=CAT  \\$aW1910-0531$b00$c20200410$lBLL01$h1834
=CAT  \\$aW2001-2376$c20200619$lBLL01$h1922
=FIN  \\$aY
=LEO  \\$aMP1.0001167042
=SRC  \\$aBLS01$bbibmp1.200404.2.ab
=LAS  \\$aW2001-2376$b00$c20200619$lBLL01$h1922

