=LDR  01708 am a22004693  4500
=001  004157628
=003  Uk
=005  20200619192219.0
=008  970417|1872|||||||\\\\||\\\\o|||\||eng\\
=FMT  \\$a  BK
=019  x\$a0990060268
=019  s\$aoagh09053
=040  \\$aUk$cUk
=082  04$a929.3411
=110  1\$aGreat Britain.$bGeneral Register Office (Scotland)
=245  10$aDetailed List of the old Parochial Registers of Scotland, etc.
=264  \1$aEdinburgh,$c1872.
=300  \\$a144 pages ;$c(4º)
=336  \\$atext$2rdacontent
=337  \\$aunmediated$2rdamedia
=338  \\$avolume$2rdacarrier
=650  \0$aChurch records and registers$zScotland$xIndexes.
=710  2\$aParish Registers (SCOTLAND)
=852  11$aBritish Library$bHMNTS$cSPHOA$kHLR$h929.3411
=852  41$aBritish Library$bHMNTS$j09915.g.10.$3[Another copy.] Detailed List of the old Parochial Registers of Scotland, etc. Edinburgh, 1872. 4º.
=852  41$aBritish Library$bDSC$jOP-fGPA/2052
=852  11$aBritish Library$bDSC$hq929.30941
=958  \\$a2099.g.$cHLR929.3411
=985  \\$aUpgraded by BSS-generated file for WR1910-0531
=CAT  \\$aCONV$b00$c20040502$lBLL01$h1023
=CAT  \\$a5100$b40$c20070110$lBLL01$h1359
=CAT  \\$a5100$b40$c20070122$lBLL01$h1127
=CAT  \\$aBATCH$b00$c20091204$lBLL01$h0043
=CAT  \\$aBLSS-CORR$b00$c20110311$lBLL01$h1757
=CAT  \\$a1805-0738$c20181130$lBLL01$h1833
=CAT  \\$a1805-0738$b00$c20181130$lBLL01$h1910
=CAT  \\$aW1910-0531$b00$c20200410$lBLL01$h1834
=CAT  \\$aW2001-2376$c20200619$lBLL01$h1922
=FIN  \\$aY
=LEO  \\$aMP1.0001176999
=SRC  \\$aBLS01$bbibmp1.200404.2.ab
=LAS  \\$aW2001-2376$b00$c20200619$lBLL01$h1922

