=LDR  02436 am a22005773  4500
=001  004158761
=003  Uk
=005  20200619192230.0
=008  881229|1865|||||||\\\\||\\\\\|||\|||||\\
=FMT  \\$a  BK
=019  x\$a1631780018
=019  s\$aoams01060
=040  \\$aUk$cUk
=082  04$a411.7
=100  1\$aJames, H.,$d1803-1877.
=245  10$aFacsimiles of National Manuscripts from William the Conqueror to Queen Anne, selected [by Sir T. D. Hardy] under the direction of the Master of the Rolls and photozincographed ... by ... Sir H. J. ... With translations and notes [by W. B. Sanders], etc.
=264  \1$aSouthampton,$c1865-68.
=300  \\$a4 parts ;$c(folio)
=336  \\$atext$2rdacontent
=337  \\$aunmediated$2rdamedia
=338  \\$avolume$2rdacarrier
=650  \0$aManuscripts, English$xFacsimiles.
=650  \0$aPaleography, English$xFacsimiles.
=700  1\$aHardy, Thomas Duffus,$cSir,$d1804-1878.
=700  1\$aSANDERS, William Basevi.
=710  1\$aEngland.$t Appendix. Miscellaneous
=886  2\$2blmarc$a709$b00$aENGLAND$tAppendix$tMiscellaneous$p1852.c.22.$x1004760205
=886  2\$2blmarc$a709$b00$aHARDY$eSir$hThomas Duffus$p1852.c.22.$x1400690242
=886  2\$2blmarc$a709$b00$aSANDERS$hWilliam Basevi$p1852.c.22.$x2892570077
=852  41$aBritish Library$bHMNTS$j1852.c.22.
=852  11$aBritish Library$bHMNTS$cSPHOA$kMSL$h411.7$3selected [by Sir T. D. Hardy] under the direction of the Master of the Rolls and photozincographed .
=852  11$aBritish Library$bDSC$hf942$iv. 1 N.7750
=852  41$aBritish Library$bDSC$hf942$iv. 2 N. 7751
=985  \\$aCorrected by MS generated file for WR# 11/211
=985  \\$aCorrected by MS generated file for WR# 1805-0738
=CAT  \\$aCONV$b00$c20040502$lBLL01$h1023
=CAT  \\$c20041105$lBLL01$h0816
=CAT  \\$a12179$b40$c20070605$lBLL01$h1349
=CAT  \\$a5194$b40$c20080311$lBLL01$h1103
=CAT  \\$a5194$b40$c20080311$lBLL01$h1104
=CAT  \\$aBATCH-UPD$b40$c20080318$lBLL01$h2050
=CAT  \\$aBATCH$b00$c20091204$lBLL01$h0043
=CAT  \\$aWR11_211$c20121009$lBLL01$h1943
=CAT  \\$aBLSS-CORR$b00$c20121009$lBLL01$h1951
=CAT  \\$a1805-0738$c20181130$lBLL01$h1833
=CAT  \\$a1805-0738$b00$c20181130$lBLL01$h1910
=CAT  \\$aW2001-2376$c20200619$lBLL01$h1922
=FIN  \\$aY
=LEO  \\$aMP1.0001954050
=SRC  \\$aBLS01$bbibmp1.200404.2.ac
=LAS  \\$aW2001-2376$b00$c20200619$lBLL01$h1922

