=LDR  04566 am a2201069 a 4500
=001  004383367
=003  Uk
=005  20210909152414.0
=008  800728m19789999gw\g\\\\\ib\\\001\0\ger\\
=FMT  \\$a  BK
=010  \\$a80487684
=015  \\$aGFR79-A
=019  d\$adh00140003
=019  d\$adh00140004
=019  a\$aG00365903
=019  1\$ar6143709
=019  s\$aoamu01288
=019  s\$aoamu01289
=019  3\$a3761807171
=020  \\$a3761806108 (Bd. 1)
=020  \\$a3761807155 (Bd. 2)
=020  \\$a3761807163 (Bd. 3)
=020  \\$a3761807171 (Bd. 4)
=035  \\$9(DLC) 80487684
=040  \\$aDLC$cDLC$dDLC$dOCoLC$dDLC$dUk
=050  00$aML134.H16$bA19
=082  00$a780/.92/4$219
=082  04$a780.92$223
=245  00$aHändel-Handbuch :$bin 4 Bd. : gleichzeitig Suppl. zu Hallische Händel-Ausgabe (Kritische Gesamtausgabe) /$chrsg. vom Kuratorium d. Georg-Friedrich-Händel-Stiftung von Walter Eisen u. Margret Eisen.
=260  \\$aKassel ;$aBasel ;$aTours ;$aLondon :$bBärenreiter,$cc1978-<1986 >
=300  \\$av. <1-4 > :$bmusic ;$c28 cm.
=336  \\$atext$2rdacontent
=337  \\$aunmediated$2rdamedia
=338  \\$avolume$2rdacarrier
=504  \\$aIncludes bibliographies and indexes.
=505  1\$aBd. 1. Flesch, S. Lebens- und Schaffensdaten / zusammengestellt von Siegfried Flesch. Thematisch-systematisches Verzeichnis, Bühnenwerke von Berndt Baselt.-- Bd. 2. Thematisch-systematisches Verzeichnis, oratorische Werke, vokale Kammermusik, Kirchenmusik / von Bernd Baselt.--Bd. 3. Thematisch-systematisches Verzeichnis, Instrumentalmusik, Pasticci und Fragmente / von Bernd Baselt.-- Bd. 4. Dokumente zu Leben und Schaffen / Otto Erich Deutsch.
=600  10$aHandel, George Frideric,$d1685-1759$vThematic catalogs.
=600  10$aHandel, George Frideric,$d1685-1759$vChronology.
=650  \0$aComposers$zGermany$vThematic catalogs.
=700  1\$aEisen, Walter.
=700  1\$aEisen, Margret.
=700  1\$aHandel, George Frideric,$d1685-1759.$tWorks.$f1955.
=700  1\$aDeutsch, Otto Erich,$d1883-1967.
=710  2\$aGeorg-Friedrich-Händel Stiftung (Halle an der Saale, Germany).$bKuratorium.
=852  41$aBritish Library$bMUSIC$jH.989./Supp.1$oH
=852  41$aBritish Library$bMUSIC$jH.989.b./Supp.1$oH
=852  41$aBritish Library$bHMNTS$jX.0431/164
=852  11$aBritish Library$bHMNTS$cSPHOA$kMUS$h789$mHAN
=852  41$aBritish Library$bMUSIC$cREF$jM.R.Ref. 789 HAN
=852  11$aBritish Library$bHMNTS$cSPHOA$kMUS$h789$mHAN$3[Another copy]
=852  41$aBritish Library$bMUSIC$cREF$jM.R.Ref. 789 HAN
=852  41$aBritish Library$bMUSIC$cREF$jM.R.Ref. 789 HAN
=852  41$aBritish Library$bMUSIC$jH.989./Supp.2$oH
=852  41$aBritish Library$bMUSIC$jH.989.b./Supp.2$oH
=852  11$aBritish Library$bHMNTS$cSPHOA$kMUS$h789$mHAN
=852  41$aBritish Library$bMUSIC$jH.989./Supp.4$oH
=852  41$aBritish Library$bMUSIC$jH.989.b./Supp.4$oH
=852  41$aBritish Library$bHMNTS$cSPHOA$hMUS 789 HAN
=852  11$aBritish Library$bHMNTS$cSPHOA$kMUS$h789$mHAN
=852  41$aBritish Library$bMUSIC$jH.989./Supp.3$oH
=852  41$aBritish Library$bMUSIC$jH.989.b./Supp.3
=852  41$aBritish Library$bMUSIC$cREF$jM.R.Ref. 789 HAN
=852  4\$aBritish Library$bDSC$jF7/6091$ibd.1
=852  4\$aBritish Library$bDSC$jF7/6092$ibd.2
=852  11$aBritish Library$bHMNTS$cSPHOA$kMUS$h789$mHAN$3[Another copy]
=852  41$aBritish Library$bDSC$jx29/.8665$iBd. 3
=852  41$aBritish Library$bDSC$jx29/.8666$iBd. 4
=852  41$aBritish Library$bDSC$jx29/.8663$iBd. 1
=852  41$aBritish Library$bDSC$jx29/.8664$iBd. 2
=CAT  \\$aCONV$b00$c20040502$lBLL01$h1029
=CAT  \\$aBATCH-UPD$b00$c20061228$lBLL01$h2243
=CAT  \\$a11814$b40$c20081024$lBLL01$h1027
=CAT  \\$aBATCH$b00$c20091205$lBLL01$h1842
=CAT  \\$aBATCH$b00$c20091224$lBLL01$h2139
=CAT  \\$a12418$b40$c20100927$lBLL01$h1104
=CAT  \\$aBATCH-UPD$b40$c20100927$lBLL01$h1105
=CAT  \\$a8870$b40$c20150413$lBLL01$h1639
=CAT  \\$a8870$b40$c20210909$lBLL01$h1524
=FIN  \\$aY
=LEO  \\$aMP15.0000221736
=LEO  \\$aMP15.0000221737
=LEO  \\$aMP8.0000131272
=LEO  \\$aMP13.0000927858
=LEO  \\$aMP14.0000282562
=LEO  \\$aMP37.0000005950
=SID  \\$aZ39$bLOC
=SRC  \\$aCPM01$bbibmp15.200404.2.aa
=SRC  \\$aDSC01$bbibmp8.200404.2.aa
=SRC  \\$aHSS01$bbibmp13.200404.2.ab
=SRC  \\$aCMC01$bbibmp14.200404.2.aa
=SRC  \\$aSPH01$bbibmp37h.200404.2.aa
=LAS  \\$a8870$b40$c20210909$lBLL01$h1524

