=LDR  05628 am a2201237 a 4500
=001  002747776
=003  Uk
=005  20150408144506.0
=008  970715m19089999enkabc\\\b\\\\001\0\eng\\
=FMT  \\$a  BK
=016  7\$a002747776$2Uk
=019  x\$a2451650168
=020  \\$a0197227325 (v. 3) :$c£10.10
=020  \\$a0197227333 (v. 6) :$c£48.00
=020  \\$a0197227864 (v. 7) :$c£70.00
=020  \\$a1904356346 (v. 9) :$c£75.00
=020  \\$a9781904356103 (v. 10) :$c£75.00
=020  \\$a9781904356417 (v. 11)
=020  \\$a0197227783 (v. 14) :$c£60.00
=020  \\$a0197227430 (v. 17) :$c£30.00
=020  \\$a0197227651 (v. 20) :$c£60.00
=040  \\$aUk$beng$cUk$dUk
=042  \\$aukblsr
=082  04$a942.46$222
=245  04$aThe Victoria history of the county of Stafford /$cedited by William Page ... [et al.].
=246  1\$iTitle on v. 3-4, 6-9, 11, 14, 17, 20 :$aHistory of the county of Stafford
=246  1\$iTitle from series t.p.:$aHistory of Staffordshire
=260  \\$aLondon :$bA. Constable,$c1908-
=300  \\$av. :$bill., maps (some col.), ports. ;$c32 cm.
=336  \\$atext$2rdacontent
=337  \\$aunmediated$2rdamedia
=338  \\$avolume$2rdacarrier
=490  1\$aThe Victoria history of the counties of England,$x1477-0709
=505  1\$av. 1. Natural history, archaeology, general history -- v. 2. Industries, communications, forests, sports / edited by M.W. Greenslade and J.G. Jenkins -- v. 3. Ecclesiastical history, religious houses / edited by M.W. Greenslade -- v. 4. Staffordshire Domesday and West Cuttlestone Hundred / edited by L. Margaret Midgley -- v. 5. Cuttlestone hundred (east) / edited by L. Margaret Midgley -- v. 6. Agriculture, schools, Stafford / edited by M.W. Greenslade and D.A. Johnson -- v. 7. Leek and the moorlands / edited by M.W. Greenslade -- -- v. 8. Newcastle-under-Lyme and Stoke-on-Trent / edited by J.G. Jenkins -- v. 9. Burton-upon-Trent / edited by N.J. Tringham -- v. 10. Tutbury and Needwood Forest / edited by Nigel J. Tringham -- v. 11. Audley, Keele and Trentham / edited by Nigel J. Tringham -- v. 14. Lichfield / edited by M.W. Greenslade -- v. 17. West Bromwich, Smethwick, Walsall / edited by M.W. Greenslade -- v. 20. Seisdon hundred (part) / edited by M.W. Greenslade.
=500  \\$aVols. 3-8, 17, 20 published for the Institute of Historical Research by Oxford University Press.
=500  \\$aVols. 9 and 11 published for the Institute of Historical Research by Boydell & Brewer.
=504  \\$aIncludes bibliographical references and indexes.
=651  \0$aStaffordshire (England)$xHistory.
=651  \0$aStaffordshire (England)$xDescription and travel.
=650  \0$aNatural history$zEngland$zStaffordshire (England)
=700  1\$aPage, William,$d1861-1934.
=700  1\$aGreenslade, M. W.$q(Michael W.)
=700  1\$aJenkins, J. G.$q(John Gilbert),$d1897-
=700  1\$aMidgley, L. Margaret.
=700  1\$aJohnson, D. A.$q(Douglas Antony)
=700  1\$aTringham, Nigel J.
=710  2\$aUniversity of London.$bInstitute of Historical Research.
=830  \0$aVictoria history of the counties of England$x1477-0709.
=852  11$aBritish Library$bHMNTS$cSPHOA$kHLL$h942
=852  11$aBritish Library$bHMNTS$cSPHOA$kMSS$h942
=852  41$aBritish Library$bHMNTS$jYC.2013.b.2180$ivol.11
=852  41$aBritish Library$bHMNTS$ivol. 10
=852  41$aBritish Library$bHMNTS$jYC.2008.b.608$ivol. 10
=852  4\$aBritish Library$bDSC$jf942 *502*$x2 copies
=852  4\$aBritish Library$bDSC$jf942 *501*
=852  11$aBritish Library$bDSC$ivol. 10
=852  41$aBritish Library$bHMNTS$jYC.2005.b.2283$ivol. 9
=852  41$aBritish Library$bDSC$jfm04/1190$ivol. 4
=852  41$aBritish Library$bDSC$jf942 *503*$ivol. 14
=852  41$aBritish Library$bDSC$jf99/3935$ivol. 7
=852  41$aBritish Library$bDSC$jf942 *504*$ivol. 20
=958  \\$a2063.c.$cHLL942
=958  \\$aX.805/515.
=CAT  \\$aCONV$b00$c20040502$lBLL01$h0949
=CAT  \\$a11317$b40$c20051202$lBLL01$h0943
=CAT  \\$a11317$b40$c20051202$lBLL01$h1106
=CAT  \\$a11317$b40$c20051202$lBLL01$h1110
=CAT  \\$aglobal_upd$b40$c20060416$lBLL01$h1744
=CAT  \\$a11070$b40$c20080506$lBLL01$h1423
=CAT  \\$a11070$b40$c20080506$lBLL01$h1434
=CAT  \\$a11070$b40$c20080506$lBLL01$h1540
=CAT  \\$aBATCH$b00$c20091102$lBLL01$h2346
=CAT  \\$aBATCH$b00$c20091216$lBLL01$h2201
=CAT  \\$a6550$b40$c20100428$lBLL01$h1419
=CAT  \\$a9665$b40$c20131014$lBLL01$h1521
=CAT  \\$aBATCH-UPD$b40$c20150107$lBLL01$h2229
=CAT  \\$a8874$b40$c20150408$lBLL01$h1445
=CAT  \\$aWR16_021$c20160608$lBLL01$h1727
=FIN  \\$aY
=LDO  \\$aALDL$bHB$c20080123$d4796813
=LEO  \\$aMP5.0000915846
=LEO  \\$aMP5.0000570642
=LEO  \\$aMP37.0000014646.2
=LEO  \\$aMP37.0000014646.1
=LEO  \\$aMP3.0000037386
=LEO  \\$aMP1.0002929253
=LEO  \\$aMP2.0000316583
=LEO  \\$aMP2.0000198570
=LEO  \\$aMP8.0000117015
=LEO  \\$aMP2.0000286909
=LEO  \\$aMP5.0000915859
=LEO  \\$aMP8.0001245381
=LEO  \\$aMP5.0000915864
=LEO  \\$aMP8.0001210121
=LEO  \\$aMP5.0000469374
=SRC  \\$aALDL
=SRC  \\$aBNB03$bbibmp5.200404.2.aa
=SRC  \\$aBNB01$bbibmp2.200404.2.aa
=SRC  \\$aBNB02$bbibmp3.200404.2.aa
=SRC  \\$aBNB03$bbibmp5.200404.2.ab
=SRC  \\$aLDS01$bbiblm.200404.2.aa
=SRC  \\$aDSC01$bbibmp8.200404.2.ab
=SRC  \\$aSPH01$bbibmp37b.200404.2.aa
=SRC  \\$aBLS01$bbibmp1.200404.2.ad
=SRC  \\$aUCB 2007
=LAS  \\$aWR16_021$b00$c20160608$lBLL01$h1727

