=LDR  02345 am a22005653  4500
=001  001110533
=003  Uk
=005  20200508190332.0
=008  950816|1954||||enk\\\\||\\\\o|||\||eng\\
=FMT  \\$a  BK
=019  x\$a0981120016
=040  \\$aUk$cUk
=110  1\$aGreat Britain.$bIndia Office.$bLibrary.
=245  10$aCatalogue of the Gujarati & Rajasthani Manuscripts in the India Office Library. By ... James Fuller Blumhardt. Revised and enlarged by Alfred Master.
=264  \1$aLondon :$bOxford University Press,$c1954.
=300  \\$ax, 167 pages ;$c(8º)
=336  \\$atext$2rdacontent
=337  \\$aunmediated$2rdamedia
=338  \\$avolume$2rdacarrier
=650  \0$aManuscripts, Gujarati$zEngland$zLondon$vCatalogs.
=650  \0$aManuscripts, Rajasthani$zEngland$zLondon$vCatalogs.
=700  1\$aBlumhardt, James Fuller,$d-1922.
=700  1\$aMaster, Alfred,$d1883-1978.
=886  2\$2blmarc$a709$b00$aBLUMHARDT$hJames Fuller$p11924.d.68.$x0350870217
=886  2\$2blmarc$a709$b00$aMASTER$hAlfred$fCI.E., M.A.$p11924.d.68.$x2144210004
=852  41$aBritish Library$bHMNTS$j11924.d.68.
=852  41$aBritish Library$bOC$jV 12895$3[Another copy.]***Held in OIOC.
=852  41$aBritish Library$bOC$jV 22689$3[Another copy.]***Held in OIOC.
=852  11$aBritish Library$bDSC$hq017.1 *1*
=852  41$aBritish Library$bOC$cSPHOA$kORC GUJ MSS$h1$3[Another copy.]***Held in OIOC.
=985  \\$aUpgraded by BSS-generated file for WR1910-0531
=CAT  \\$aCONV$b00$c20040502$lBLL01$h0914
=CAT  \\$a1722$b40$c20041110$lBLL01$h1718
=CAT  \\$a1722$b40$c20050620$lBLL01$h0950
=CAT  \\$a5194$b40$c20080320$lBLL01$h1412
=CAT  \\$aBATCH$b00$c20091128$lBLL01$h1845
=CAT  \\$aBLSS-CORR$b00$c20110421$lBLL01$h1621
=CAT  \\$a2407$b40$c20130130$lBLL01$h1130
=CAT  \\$aWR12.139$b00$c20130430$lBLL01$h1752
=CAT  \\$aWR13_070$b00$c20130504$lBLL01$h0100
=CAT  \\$aWR13_070C$c20130615$lBLL01$h2115
=CAT  \\$a1805-0738$c20180928$lBLL01$h1819
=CAT  \\$a1805-0738$b00$c20180928$lBLL01$h1857
=CAT  \\$aBATCH-UPD$b00$c20180929$lBLL01$h0247
=CAT  \\$aW1910-0531$b00$c20200313$lBLL01$h1825
=CAT  \\$aW2001-2376$c20200508$lBLL01$h1903
=FIN  \\$aY
=LEO  \\$aMP1.0001167039
=SRC  \\$aBLS01$bbibmp1.200404.2.ab
=LAS  \\$aW2001-2376$b00$c20200508$lBLL01$h1903

