=LDR  02366 am a22005173  4500
=001  001508278
=003  Uk
=005  20090821140404.0
=008  001124d19311960fr\ab\\\\b\\\\001\0\fre\\
=FMT  \\$a  BK
=019  x\$a1322580111
=019  x\$a0790110172
=040  \\$aUk$cUk$dUk
=100  1\$aGrenier, Albert,$d1878-1961.
=245  10$aManuel d'archéologie gallo-romaine /$cAlbert Grenier.
=260  \\$aParis :$bPicard,$c1931-60.
=300  \\$a4 v. in 7. :$bill., maps ;$c23 cm.
=336  \\$atext$2rdacontent
=337  \\$aunmediated$2rdamedia
=338  \\$avolume$2rdacarrier
=500  \\$aContinues Joseph Déchelette's Manuel d'archéologie préhistorique, celtique et gallo-romaine. Vols. 1-2 are also called v. 5-6 of the Déchelette work.
=504  \\$aIncludes bibliographical references and indexes.
=505  0\$av. 1. Généralités. Travaux militaires -- v. 2. L'archéologie du sol. pt. 1. Les routes. pt. 2. L'occupation du sol et Index des deux volumes -- v. 3. L'architecture. pt. 1. L'urbanisme, les monuments: Capitole Forum, Temple, basilique. pt. 2. Ludi et circenses: théatres, amphi-theatres, cirques -- v. 4. Les monuments des eaux. pt. 1. Aqueducs, thermes. pt. 2. Villes d'eau. Sanctuaires de l'eau.
=651  \0$aFrance$xAntiquities.
=700  1\$aDéchelette, Joseph,$d1862-1914.$tManuel d'archéologie préhistorique celtique et gallo-romaine.
=852  41$aBritish Library$bHMNTS$jRB.23.a.35707
=852  41$aBritish Library$bHMNTS$jRB.23.a.35706
=852  41$aBritish Library$bHMNTS$jRB.23.a.35703
=852  41$aBritish Library$bHMNTS$jRB.23.a.35704
=852  41$aBritish Library$bHMNTS$jRB.23.a.35707
=852  41$aBritish Library$bHMNTS$jRB.23.a.35705
=852  41$aBritish Library$bHMNTS$cSPHOA$kHLR$h936.4
=852  \\$aBritish Library$bHMNTS$cSPHOA
=CAT  \\$aCONV$b00$c20040502$lBLL01$h0922
=CAT  \\$aglobal_upd$b40$c20060416$lBLL01$h1426
=CAT  \\$aBATCH-UPD$b40$c20090116$lBLL01$h2146
=CAT  \\$a6537$b40$c20090820$lBLL01$h1154
=CAT  \\$a6537$b40$c20090820$lBLL01$h1423
=CAT  \\$a6537$b40$c20090821$lBLL01$h1404
=CAT  \\$aBATCH$b00$c20091128$lBLL01$h2147
=FIN  \\$aY
=LEO  \\$aMP1.0001590505
=LEO  \\$aMP1.0000936144.0.7
=LEO  \\$aMP1.0000936144.0.8
=SRC  \\$aBLS01$bbibmp1.200404.2.ab
=LAS  \\$aBATCH$b00$c20091128$lBLL01$h2147

