=LDR  01643 am a2200481 a 4500
=001  003375160
=003  Uk
=005  20201124180928.0
=008  991202s1975\\\\enk\\\\\\\\\\\000\0\eng\\
=FMT  \\$a  BK
=019  x\$a301412026X
=019  s\$aoagh17652
=040  \\$aUk$cUk$dUk
=041  0\$aeng$aheb
=100  1\$aShunami, Shlomo.
=245  10$aBibliography of Jewish bibliographies.$pSupplement to second edition enlarged, 1965 /$cby Shlomo Shunami.
=260  \\$aJerusalem :$bMagnes Press ;$bHebrew University,$c1975.
=300  \\$axvii, 464, xvi p. ;$c25 cm.
=336  \\$atext$2rdacontent
=337  \\$aunmediated$2rdamedia
=338  \\$avolume$2rdacarrier
=650  \0$aBibliography$xBibliography$xJewish literature.
=650  \0$aBibliography$xBibliography$xJews.
=650  \0$aJews$xBibliography.
=650  \0$aJewish literature$xBibliography.
=740  0\$aMafteah ha-maftehot.
=852  11$aBritish Library$bOC$kOIC$h909.049
=852  11$aBritish Library$bHMNTS$cSPHOA$kHLR$h909.04924
=852  41$aBritish Library$bOC$jYD.2011.a.3892
=852  4\$aBritish Library$bDSC$j79/29347
=985  \\$aRecord merged by DQ team
=985  \\$aUpgraded by BSS-generated file for WR2011-1473
=CAT  \\$aCONV$b00$c20040502$lBLL01$h1004
=CAT  \\$a8874$b40$c20080807$lBLL01$h1015
=CAT  \\$aBATCH$b00$c20091202$lBLL01$h2257
=CAT  \\$aW2011-1473$b00$c20201124$lBLL01$h1809
=FIN  \\$aY
=LEO  \\$aMP1.0003601160.1
=LEO  \\$aMP37.0000024483
=SRC  \\$aSPH01$bbibmp37b.200404.2.aa
=SRC  \\$aBLS01$bbibmp1.200404.2.ad
=SRC  \\$aUCB 2007
=LAS  \\$aW2011-1473$b00$c20201124$lBLL01$h1809

