=LDR  01940cas a2200517 a 4500
=001  000149796
=003  Uk
=005  20200704202500.0
=007  ta
=008  871217d19681971enk\|\p\\\\\\\0\\\a0eng\\
=FMT  \\$a  SE
=019  x\$a0143730150
=040  \\$aUk$cUk$dUk
=084  \\$aVJ 30$2blsrissc
=245  00$aAutomobile abstracts :$bmonthly survey of world literature.
=260  \\$aLindley,$c1968-
=300  \\$av. ;$c21 cm.
=336  \\$atext$2rdacontent
=337  \\$aunmediated$2rdamedia
=338  \\$avolume$2rdacarrier
=362  1\$aCeased publication 1971.
=580  \\$aContinues as: MIRA abstracts : a monthly survey of automotive research and development
=580  \\$aContinues: MIRA monthly summary : abstracts of automobile engineering literature
=650  \0$aAutomobiles$vAbstracts$vPeriodicals.
=650  \0$aAutomobiles$xDesign and construction$vAbstracts$vPeriodicals.
=710  2\$aMotor Industry Research Association.
=780  00$tMIRA monthly summary
=785  00$tMIRA abstracts$x0305-8972
=852  41$aBritish Library$bHMNTS$jP.621/127.$3Jan. 1968-1971
=852  49$aBritish Library$bDSC$cQ$3See shelfmark 1831.930000 for stock 1968-1971
=852  71$aBritish Library$bSTI$k(A)$hVJ 30$m-E(2)$2blsrissc$31968-1971
=985  \\$aRecord enhanced by DQ team
=CAT  \\$aCONV$b00$c20040502$lBLL01$h0852
=CAT  \\$a5194$b40$c20050822$lBLL01$h1132
=CAT  \\$a8456$b40$c20080121$lBLL01$h1132
=CAT  \\$a8456$b40$c20080121$lBLL01$h1201
=CAT  \\$a8456$b40$c20080121$lBLL01$h1248
=CAT  \\$a8456$b40$c20080121$lBLL01$h1302
=CAT  \\$aBATCH$b00$c20091125$lBLL01$h2358
=CAT  \\$aBATCH-UPD$b00$c20200704$lBLL01$h2025
=FIN  \\$aY
=LEO  \\$aMP1.0000170171
=LKR  \\$aPAR$b011764267$lBLL01$r78000$mAutomobile abstracts$nMIRA monthly summary
=SRC  \\$aBLS01$bbibmp1.200404.2.aa
=TCO  \\$aCLA$bCLA$c008
=LAS  \\$aBATCH-UPD$b00$c20200704$lBLL01$h2025

