=LDR  02854cam a2200637 i 4500
=001  020439279
=003  Uk
=005  20230110010401.0
=008  220105s2021\\\\be\ab\\\\b\\\\101\0\eng\\
=FMT  \\$a  BK
=020  \\$a9789462613164$q(paperback)
=040  \\$aUk$beng$cUk$erda
=042  \\$aukblsr
=082  04$a630$223
=111  2\$aInternational Horticultural Science Conference of Iran$n(1st :$d2017 :$cTehran, Iran)
=CNF  \\$aInternational conference and X national horticultural science congress of Iran$n(1st :$d2017 Sep :$cTehran)
=245  10$aProceedings of the I International Conference and X National Horticultural Science Congress of Iran (IrHC2017) :$bTehran, Iran, September 4-7, 2017 /$ceditors, K. Arzani, K. Funnell.
=264  \1$aLeuven :$bISHS,$cJuly 2021.
=300  \\$axxx, 691 pages :$billustrations (black and white), maps (black and white) ;$c24 cm.
=336  \\$atext$2rdacontent
=336  \\$astill image$2rdacontent
=337  \\$aunmediated$2rdamedia
=338  \\$avolume$2rdacarrier
=490  0\$aActa Horticulturae,$x0567-7572 ;$v1315
=504  \\$aIncludes bibliographical references and index.
=500  \\$a"ISSN 2406-6168 (electronic)--Title page verso.
=530  \\$aAlso issued online.
=591  \\$aSelected papers.
=540  \\$aBritish Library not licensed to copy$c0$5Uk
=650  \0$aHorticulture$vCongresses.
=650  \0$aAgriculture$vCongresses.
=700  1\$aArzani, K.,$eeditor.
=700  1\$aFunnell, K.$q(Keith),$eeditor.
=710  2\$aInternational Society for Horticultural Science,$eorganizer.
=710  2\$aAnjuman-i ʿUlūm-i Bāghbānī-i Īrān.
=711  2\$aNational Horticultural Science Congress of Iran$n(10th :$d2017 :$cTehran, Iran)
=852  71$aBritish Library$bSTI$k(P)$hDT 34$m-E(6)$2blsrissc
=852  \\$aBritish Library$bSTI$k(TP)$hDT 34$m-E(6)
=852  41$aBritish Library$bDSC$j0624.330000
=852  41$aBritish Library$bHMNTS$qCopy at XXXX. Imperfect: lacking text/illustrations in a 2 x 3 cm block on every right hand page.
=945  \\$aActa horticulturae, ISSN 0567-7572 ; no 1315 2021
=CAT  \\$a8411$b40$c20220105$lBLL01$h1629
=CAT  \\$a8411$b40$c20220105$lBLL01$h1638
=CAT  \\$aBATCH-CLA$b00$c20220106$lBLL01$h0104
=CAT  \\$a7034$b40$c20220527$lBLL01$h1334
=CAT  \\$aBATCH-CLA$b00$c20220528$lBLL01$h0105
=CAT  \\$a7034$b40$c20220608$lBLL01$h0843
=CAT  \\$a6491$b40$c20220608$lBLL01$h1034
=CAT  \\$a11056$b40$c20220608$lBLL01$h1052
=CAT  \\$a11056$b40$c20220608$lBLL01$h1055
=CAT  \\$aBATCH-CLA$b00$c20220609$lBLL01$h0105
=CAT  \\$a7764$b40$c20230109$lBLL01$h1510
=CAT  \\$aBATCH-CLA$b00$c20230110$lBLL01$h0104
=CFI  0\$aBritish Library not licensed to copy$c0$e15-mar-2017$hC$iTX$5Uk
=FIN  \\$aY$d20220527
=LAS  \\$aBATCH-CLA$b00$c20230110$lBLL01$h0104

