=LDR  01671pam a2200457 i 4500
=001  017437994
=003  Uk
=005  20150908113033.0
=008  150422s2015\\\\enk\\\\\\b\\\\001|0|eng|d
=FMT  \\$a  BK
=015  \\$aGBB591557$2bnb
=016  7\$a017437994$2Uk
=020  \\$a9781856049290 (pbk.) :$c£49.95
=040  \\$aStDuBDS$beng$cStDuBDS$dUk$erda
=042  \\$aukblcatcopy
=082  04$a346.410482$223
=100  1\$aPadfield, Timothy,$eauthor.
=245  10$aCopyright for archivists and records managers /$cTim Padfield.
=250  \\$aFifth edition.
=264  \1$aLondon :$bFacet Publishing,$c2015.
=300  \\$axvii, 360 pages ;$c24 cm
=336  \\$atext$2rdacontent
=337  \\$aunmediated$2rdamedia
=338  \\$avolume$2rdacarrier
=500  \\$aPrevious edition: 2010.
=504  \\$aIncludes bibliographical references and index.
=500  \\$aFormerly CIP.$5Uk
=650  \0$aCopyright$zGreat Britain.
=650  \0$aArchives$xLaw and legislation$zGreat Britain.
=852  11$aBritish Library$bSTI$k(B)$h346.0482$mENQUIRY DESK SCIENCE 2
=852  41$aBritish Library$bHMNTS$jYC.2015.a.10853
=852  11$aBritish Library$bHMNTS$cSPHOA$h346.410482$mMAPS.REF.DESK
=852  11$aBritish Library$bHMNTS$cSPHOA$h346.410782$mMAPS.REF.DESK
=852  11$aBritish Library$bHMNTS$cSPHOA$kHUR$h344.106
=852  41$aBritish Library$bHMNTS$cSPHOA$h346.410482$mNRR ENQUIRY DESK
=CAT  \\$aBATCH-CIPN$b00$c20150707$lBLL01$h1701
=CAT  \\$a5703$b40$c20150908$lBLL01$h1130
=CAT  \\$aBATCH-CIPC$b00$c20150922$lBLL01$h1701
=CAT  \\$aWR16_021$c20160718$lBLL01$h1805
=FIN  \\$aY$d20150908
=LAS  \\$aWR16_021$b00$c20160718$lBLL01$h1805

