=LDR  01579pam a2200421 i 4500
=001  017486551
=003  Uk
=005  20170218142158.0
=008  150602s2015\\\\enkab\\\\\\\\\001\0\eng\d
=FMT  \\$a  BK
=015  \\$aGBB5A9807$2bnb
=016  7\$a017486551$2Uk
=020  \\$a9781473837997 (paperback) :$c£12.99
=020  \\$a1473837995 (paperback) :$c£12.99
=040  \\$aStDuBDS$beng$cStDuBDS$dUk$erda
=042  \\$aukblsr
=082  04$a929.102854678$223
=100  1\$aScott, Jonathan$c(Freelance writer),$eauthor.
=245  10$aFamily history web directory :$bthe geneaological websites you can't do without /$cJonathan Scott.
=264  \1$aBarnsley, South Yorkshire :$bPen & Sword Family History,$c2015.
=300  \\$aviii, 245 pages :$billustrations (black and white), maps (black and white) ;$c24 cm
=336  \\$atext$2rdacontent
=336  \\$astill image$2rdacontent
=337  \\$aunmediated$2rdamedia
=338  \\$avolume$2rdacarrier
=500  \\$aIncludes index.
=500  \\$aFormerly CIP.$5Uk
=650  \0$aGenealogy$xComputer network resources$vDirectories.
=852  41$aBritish Library$bHMNTS$jYC.2017.a.2866
=852  11$aBritish Library$bHMNTS$kNRR$h929.3
=852  11$aBritish Library$bSTI$k(B)$h929.102854678$mEnquiry Desk Science 2
=CAT  \\$aBATCH-CIPN$b00$c20150812$lBLL01$h0903
=CAT  \\$a6923$b40$c20160114$lBLL01$h1031
=CAT  \\$a7143$b40$c20160713$lBLL01$h1622
=CAT  \\$aWR16_021$c20160719$lBLL01$h1803
=CAT  \\$a6632$b40$c20170218$lBLL01$h1421
=FIN  \\$aY$d20160713
=LAS  \\$a6632$b40$c20170218$lBLL01$h1421

