=LDR  01595cas a2200433 i 4500
=001  017762992
=003  Uk
=005  20160308102505.0
=007  ta
=008  160308c20159999ie\ar\\\\\5r\\0\\\a0eng\\
=FMT  \\$a  SE
=015  \\$aGBB631937$2bnb
=022  \\$a2009-8707
=040  \\$aUk$beng$cUk$erda
=042  \\$aukblsr
=082  04$a941.70025$223
=130  0\$aIreland, a directory (2016)
=222  \0$aIreland, a directory$b(2016)
=245  10$aIreland, a directory.
=264  \1$aDublin, Ireland :$bInstitute of Public Administration,$c2015-
=300  \\$billustrations (black and white, and colour), maps (colour) ;$c26 cm
=310  \\$aAnnual
=336  \\$atext$2rdacontent
=337  \\$aunmediated$2rdamedia
=338  \\$avolume$2rdacarrier
=362  0\$a50th edition (2016)-
=525  \\$aIssue for 2016 is accompanied by a "50th anniversary supplement".
=651  \0$aIreland$vDirectories.
=651  \0$aIreland$vCalendars.
=710  2\$aInstitute of Public Administration (Ireland),$ecompiler.
=780  00$tAdministration yearbook and diary$x0073-9596
=852  41$aBritish Library$bHMNTS$jP.701/109$3Ed. 50 (2016)-***Earlier issues
=852  41$aBritish Library$bHMNTS$kOPL$h941.50061$32016-***Latest edition
=852  11$aBritish Library$bSTI$cBIPC$k(B) DIR$h062.915$mBusiness$3Current issue only
=CAT  \\$a8323$b40$c20160308$lBLL01$h0848
=CAT  \\$a8323$b40$c20160308$lBLL01$h1025
=FIN  \\$aY$d20160308
=LKR  \\$aPAR$b009186914$lBLL01$nAdministration yearbook and diary$mIreland, a directory$r78000
=LAS  \\$a8323$b40$c20160308$lBLL01$h1025

