=LDR  01548 am a2200469 i 4500
=001  017811462
=003  Uk
=005  20160617095400.0
=008  160210s2016\\\\enk\\\\\\b\\\|0|1\0|eng\\
=FMT  \\$a  BK
=015  \\$aGBB683202$2bnb
=016  7\$a017811462$2Uk
=020  \\$a9781783300693 (paperback)
=020  \\$a1783300698 (paperback)
=020  \\$z9781783301546 (e-book)
=020  \\$a9781783301164 (hardback)
=035  \\$a(OCoLC)938392571
=040  \\$aYDXCP$beng$cYDXCP$dUk$erda
=042  \\$aukblsr
=082  04$a025.0427$223
=245  00$aManaging metadata in web-scale discovery systems /$cedited by Louise F. Spiteri.
=264  \1$aLondon :$bFacet Publishing,$c2016.
=300  \\$aix, 197 pages ;$c24 cm
=336  \\$atext$2rdacontent
=337  \\$aunmediated$2rdamedia
=338  \\$avolume$2rdacarrier
=530  \\$aAlso published electronically.
=504  \\$aIncludes bibliographical references and index.
=650  \0$aMetadata$xManagement.
=650  \0$aCataloging.
=700  1\$aSpiteri, Louise F.,$eeditor.
=852  41$aBritish Library$bHMNTS$jYKL.2017.a.14577
=852  11$aBritish Library$bSTI$k(B)025.0427
=852  11$aBritish Library$bHMNTS$cSPHOA$kHUR$h025.04
=CAT  \\$a9518$b40$c20160422$lBLL01$h0949
=CAT  \\$aBATCH-ROF$b00$c20160423$lBLL01$h1748
=CAT  \\$a9666$b40$c20160617$lBLL01$h0853
=CAT  \\$a9666$b40$c20160617$lBLL01$h0954
=CAT  \\$aBATCH-016$c20161123$lBLL01$h2201
=FIN  \\$aY$d20160617
=SID  \\$aZ39$bOCLC
=LAS  \\$aBATCH-016$b00$c20161123$lBLL01$h2201

