=LDR  02086 am a2200553 a 4500
=001  015180776
=003  Uk
=005  20091013135526.0
=008  090429s2009\\\\enk\\\\\\\\\\\000\0\eng\d
=FMT  \\$a  BK
=015  \\$aGBA947003$2bnb
=016  7\$a015180776$2Uk
=020  \\$a9780199560813 :$c£30.00
=020  \\$a0199560811 :$c£30.00
=040  \\$aStDuBDS$beng$cStDuBDS$dUk
=042  \\$aukblsr
=082  04$a423.12$222
=245  00$aOxford thesaurus of English.
=246  33$aThesaurus of English
=250  \\$a3rd ed. /$b[editor, Maurice Waite ; assisted by Juliet Field, Lucy Hollingworth, Jane Horwood].
=260  \\$aOxford :$bOxford University Press,$c2009.
=300  \\$axii, 988 p. ;$c28 cm.
=336  \\$atext$2rdacontent
=337  \\$aunmediated$2rdamedia
=338  \\$avolume$2rdacarrier
=500  \\$aPrevious ed.: 2006.
=650  \0$aEnglish language$xSynonyms and antonyms$vDictionaries.
=700  1\$aWaite, Maurice.
=852  11$aBritish Library$bSTI$k(B)$h423$mEnquiry Desk Science 3$i2009
=852  41$aBritish Library$bHMNTS$jYK.2009.b.9284
=852  11$aBritish Library$bHMNTS$cSPHOA$kHLR$h423.1
=852  11$aBritish Library$bHMNTS$kRAR$h423.1
=852  11$aBritish Library$bSTI$k(B)$h423.12$mEnquiry Desk Science 2
=852  11$aBritish Library$bSTI$k(B)$h423.12$mEnquiry Desk Science 3
=852  11$aBritish Library$bSTI$k(B)$h423$mEnquiry Desk Science 2$i2009
=852  41$aBritish Library$bHMNTS$cSPHOA$kHUD$mENG
=852  41$aBritish Library$bHMNTS$kOpen$hIndex
=852  41$aBritish Library$bHMNTS$kHUD$hENG
=852  11$aBritish Library$bHMNTS$kOIA$h423.1
=852  11$aBritish Library$bHMNTS$kMSS$h423.1
=852  41$aBritish Library$bHMNTS$kHLD$hENG
=852  11$aBritish Library$bHMNTS$kHLR$h423.1
=CAT  \\$aBATCH-CIPN$b00$c20090512$lBLL01$h1701
=CAT  \\$aBATCH$b00$c20090512$lBLL01$h1703
=CAT  \\$aBATCH$b00$c20090512$lBLL01$h1711
=CAT  \\$a11014$b40$c20091013$lBLL01$h1355
=CAT  \\$aWR16_021$c20160624$lBLL01$h1818
=FIN  \\$aY$d20091013
=LAS  \\$aWR16_021$b00$c20160624$lBLL01$h1818

