=LDR  03157cam a2200781 a 4500
=001  015286199
=003  Uk
=005  20230302181104.0
=008  090128s2009\\\\enka\\\\\b\\\\001\0\eng\\
=FMT  \\$a  BK
=010  \\$a2009002801  
=015  \\$aGBA956480$2bnb
=016  7\$a015286199$2Uk
=020  \\$a9780521896788 (hbk.) :$c£65.00
=020  \\$a0521896789 (hbk.) :$c£65.00
=040  \\$aStDuBDS$beng$cStDuBDS$dUk
=042  \\$aukblsr
=050  00$aTA640.4$b.D69 2009
=082  00$a624.1076$222
=100  1\$aDoyle, James F.,$d1951-
=245  10$aGuided explorations of the mechanics of solids and structures :$bstrategies for solving unfamiliar problems /$cJames F. Doyle.
=260  \\$aCambridge :$bCambridge University Press,$c2009.
=300  \\$ax, 447 p. :$bill. ;$c27 cm. +$e1 CD-ROM (4 3/4 in.).
=336  \\$atext$2rdacontent
=337  \\$aunmediated$2rdamedia
=338  \\$avolume$2rdacarrier
=490  1\$aCambridge aerospace series ;$v26
=500  \\$aFormerly CIP.$5Uk
=504  \\$aIncludes bibliographical references and index.
=540  \\$aCurrent Copyright Fee: GBP22.50$c0$5Uk
=650  \0$aStructural engineering$vProblems, exercises, etc.
=650  \0$aStructural engineering$xMathematics.
=650  \0$aEngineering mathematics.
=650  \0$aFinite element method.
=650  \0$aGeometry, Solid.
=830  \0$aCambridge aerospace series ;$v26.
=852  11$aBritish Library$bSTI$k(B)$h624.1076$3Accompanying CD-ROM held at (TB) 624.1076
=852  11$aBritish Library$bSTI$k(TB) 624.1076
=852  41$aBritish Library$bDSC$j3015.939050V$iv. 26
=BUF  \\$aN$d20091203
=CAT  \\$aBATCH-CIPN$b00$c20090609$lBLL01$h1700
=CAT  \\$aBATCH$b00$c20090609$lBLL01$h1702
=CAT  \\$aBATCH$b00$c20090609$lBLL01$h1709
=CAT  \\$a7164$b40$c20091203$lBLL01$h1138
=CAT  \\$aBATCH-BUOC$b00$c20091224$lBLL01$h2127
=CAT  \\$aBATCH$b00$c20091224$lBLL01$h2128
=CAT  \\$aBATCH-CLA$b00$c20140102$lBLL01$h0322
=CAT  \\$aWR16_021$c20160624$lBLL01$h1822
=CAT  \\$aBATCH-CLA$b00$c20161222$lBLL01$h1829
=CAT  \\$aIPL-CLA$c20161230$lBLL01$h2332
=CAT  \\$aBATCH-CLA$b00$c20171222$lBLL01$h2158
=CAT  \\$aIPL-CLA$c20171231$lBLL01$h1753
=CAT  \\$aBATCH-CLA$b00$c20191219$lBLL01$h1752
=CAT  \\$aIPL-CLA$c20191231$lBLL01$h2018
=CAT  \\$aR2001-1524$c20200127$lBLL01$h2044
=CAT  \\$aBATCH-CLA$b00$c20201204$lBLL01$h1602
=CAT  \\$aIPL-CLA$c20201231$lBLL01$h2316
=CAT  \\$aBATCH-CLA$b00$c20221206$lBLL01$h1747
=CAT  \\$aIPL-CLA$c20221231$lBLL01$h2241
=CAT  \\$aBATCH-CLA$b00$c20230302$lBLL01$h1811
=CFI  0\$aCurrent Copyright Fee: GBP22.50$c0$e09-feb-2023$fGBP22.50$g0$hC$5Uk
=FIN  \\$aY$d20091203
=TCO  \\$aCLA$bCLA$c008
=ACF  \\$aPrevious Copyright Fee: GBP12.30$c0$e01-jan-2014$fGBP12.30$g0$hA$5Uk
=ACF  \\$aPrevious Copyright Fee: GBP15.00$c0$e01-jan-2017$fGBP15.00$g0$hA$5Uk
=ACF  \\$aPrevious Copyright Fee: GBP17.50$c0$e01-jan-2018$fGBP17.50$g0$hA$5Uk
=ACF  \\$aPrevious Copyright Fee: GBP20.00$c0$e01-jan-2020$fGBP20.00$g0$hA$5Uk
=LAS  \\$aBATCH-CLA$b00$c20230302$lBLL01$h1811

