=LDR  01985 am a2200505 i 4500
=001  016496918
=003  Uk
=005  20131021114002.0
=008  130808s2013\\\\enka\\\\|be\\|0|1\0|eng\d
=FMT  \\$a  BK
=015  \\$aGBB396308$2bnb
=016  7\$a016496918$2Uk
=020  \\$a9780199846535 (set : alk. paper)
=020  \\$a9780199996551 (v. 1 : alk. paper)
=020  \\$a9780199996568 (v. 2 : alk. paper)
=040  \\$aStEdALDL$beng$cStEdALDL$dUk$erda
=042  \\$aukblsr
=082  00$a933.003$223
=245  04$aThe Oxford encyclopedia of the Bible and archaeology /$cDaniel M Master, editor in chief.
=264  \1$aOxford :$bOxford University Press,$c[2013]
=300  \\$a2 volumes :$billustrations (black and white) ;$c29 cm
=336  \\$atext$2rdacontent
=337  \\$aunmediated$2rdamedia
=338  \\$avolume$2rdacarrier
=504  \\$aIncludes bibliographical references and index.
=505  0\$av. 1. AEL-INF -- v. 2. JER-WRI; chronology of the Southern Levant; topical outline of entries; directory of contributors; index.
=651  \0$aPalestine$xAntiquities$vEncyclopedias.
=630  00$aBible$xAntiquities$vEncyclopedias.
=650  \0$aExcavations (Archaeology)$zPalestine$vEncyclopedias.
=700  1\$aMaster, Daniel M.,$d1971-$eeditor of compilation.
=852  11$aBritish Library$bHMNTS$cSPHOA$kHLR933.003
=852  11$aBritish Library$bHMNTS$cSPHOA$kHLR$h933.033
=852  41$aBritish Library$bHMNTS$jYC.2013.b.2269$ivol. 2
=852  41$aBritish Library$bHMNTS$jYC.2013.b.2268$ivol. 1
=CAT  \\$aBATCH-ALDL$b00$c20130912$lBLL01$h2302
=CAT  \\$a6524$b40$c20131019$lBLL01$h0815
=CAT  \\$a6524$b40$c20131019$lBLL01$h0816
=CAT  \\$a11250$b40$c20131021$lBLL01$h1137
=CAT  \\$a11250$b40$c20131021$lBLL01$h1140
=CAT  \\$aBATCH-UPD$b40$c20150824$lBLL01$h0045
=CAT  \\$aWR16_021$c20160709$lBLL01$h1813
=FIN  \\$aY$d20131021
=LDO  \\$d1/3076017
=SRC  \\$aALDL
=LAS  \\$aWR16_021$b00$c20160709$lBLL01$h1813

