=LDR  03062pam a2200661 i 4500
=001  016877594
=003  Uk
=005  20151026085010.0
=008  140925m20092015ne\ab\\\\b\\\|0|1|0|eng|d
=FMT  \\$a  BK
=010  \\$a  2009023320
=015  \\$aGBB4A4531$2bnb
=016  7\$a016877594$2Uk
=020  \\$a9789004271289 (set) :$cNo price
=020  \\$a9789004176416 (v. 1) :$cNo price
=020  \\$a9004176411 (v. 1) :$cNo price
=020  \\$a9789004178939 (v. 2)
=020  \\$a9789004178946 (v. 3) :$cNo price
=020  \\$a9004178945 (v. 3) :$cNo price
=020  \\$a9789004178953 (v. 4) :$cNo price
=020  \\$a9004178953 (v. 4) :$cNo price
=020  \\$a9789004178960 (v. 5)
=020  \\$a9789004265554 (v. 6)
=040  \\$aStDuBDS$beng$cStDuBDS$dUk$erda
=042  \\$aukblsr
=082  04$a294.503$223
=245  00$aBrill's encyclopedia of Hinduism /$cedited by Knut A. Jacobsen (editor-in-chief) ; associate editors, Helene Basu, Angelika Malinar, Vasudha Narayanan.
=246  30$aEncyclopedia of Hinduism
=264  \1$aLeiden :$bBrill,$c2009-2015.
=300  \\$a6 volumes :$billustrations (black and white, and colour), maps (black and white) ;$c28 cm.
=336  \\$atext$2rdacontent
=337  \\$aunmediated$2rdamedia
=338  \\$avolume$2rdacarrier
=490  1\$aHandbook of oriental studies = Handbuch der Orientalistik. Section two, India,$x0169-9377 ;$vvolume 22
=504  \\$aIncludes bibliographical references and index.
=505  0\$av. 1. Regions, pilgrimage, deities -- v. 2. Sacred texts and languages; ritual traditions; arts; concepts -- v. 3. Society; religious specialists; religious traditions; philosophy -- v. 4. Historical perspectives; poets, teachers, and saints; relation to other religions and traditions; Hinduism and contemporary issues -- v. 5. Religious symbols; Hinduism and migration: contemporary communities outside South Asia; some modern religious groups and teachers -- v. 6. Index.
=500  \\$aFormerly CIP.$5Uk
=650  \0$aHinduism$vEncyclopedias.
=700  1\$aJacobsen, Knut A.,$d1956-$eeditor.
=700  1\$aBasu, Helene,$eeditor.
=700  1\$aMalinar, Angelika,$eeditor.
=700  1\$aNarayanan, Vasudha,$eeditor.
=830  \0$aHandbuch der Orientalistik.$nZweite Abteilung,$pIndien,$x0169-9377 ;$v22. Bd.
=852  41$aBritish Library$bHMNTS$jYD.2015.b.804
=852  41$aBritish Library$bHMNTS$jWP.b.42c/22,1
=852  11$aBritish Library$bOC$cSPHOA$kOIH$h294.503
=852  41$aBritish Library$bHMNTS$jWP.B.42c/22,2
=852  41$aBritish Library$bHMNTS$jWP.B.42c/22(4)
=852  41$aBritish Library$bHMNTS$jWP.B.42c/22.5
=852  41$aBritish Library$bHMNTS$iWP.B.42c/22(6)
=852  11$aBritish Library$bHMNTS$cSPHOA$kHLR$h294.503
=852  41$aBritish Library$bHMNTS$jWP.b.42c/22,1
=CAT  \\$aBATCH-CIPN$b00$c20140930$lBLL01$h1701
=CAT  \\$a11250$b40$c20151026$lBLL01$h0838
=CAT  \\$a11250$b40$c20151026$lBLL01$h0850
=CAT  \\$aWR16_021$c20160715$lBLL01$h1819
=FIN  \\$aY$d20151026
=LAS  \\$aWR16_021$b00$c20160715$lBLL01$h1819

