=LDR  07004caa a22014777i 4500
=001  016999099
=003  Uk
=005  20230210010524.0
=008  150105s2014\\\\enk\\\\\\\\\\\100\0\eng\\
=FMT  \\$a  BK
=040  \\$aUk$beng$cUk$erda
=CNF  \\$aAcademy of Chocolate (Conference)$d(2014 Oct :$cLondon)
=245  00$aWhat price chocolate? :$bAcademy of Chocolate conference.
=264  \1$a[Gravesend] :$bBell Publishing,$c[2014]
=300  \\$aPages 34-36
=336  \\$atext$2rdacontent
=337  \\$aunmediated$2rdamedia
=338  \\$avolume$2rdacarrier
=591  \\$aReport.
=540  \\$aCurrent Copyright Fee: GBP25.00$c0$5Uk
=653  1\$aChocolate
=653  1\$aAoC
=773  0\$tConfectionery production$gv. 80, no. 9 (December 2014 / January 2015)
=852  41$31957$aBritish Library$bHMNTS$jLOU.EW 1423 [1957]
=852  41$31958$aBritish Library$bHMNTS$jLOU.EW 1231 [1958]
=852  41$31959$aBritish Library$bHMNTS$jLOU.EW 948 [1959]
=852  41$31960$aBritish Library$bHMNTS$jLOU.EW 1311 [1960]
=852  41$31968$aBritish Library$bHMNTS$jLOU.1051 [1968]
=852  41$31969$aBritish Library$bHMNTS$jLOU.1785 [1969]
=852  41$31970$aBritish Library$bHMNTS$jLOU.1965 [1970]
=852  41$31971$aBritish Library$bHMNTS$jLOU.1350 [1971]
=852  41$31972$aBritish Library$bHMNTS$jLOU.1872 [1972]
=852  41$31976$aBritish Library$bHMNTS$jLOU.1202 [1976]
=852  41$31977$aBritish Library$bHMNTS$jLOU.638 [1977]
=852  41$31978$aBritish Library$bHMNTS$jLOU.83 [1978]
=852  41$31979$aBritish Library$bHMNTS$jLOU.4819 [1979]
=852  41$31980$aBritish Library$bHMNTS$jLOU.4457 [1980]
=852  41$31981$aBritish Library$bHMNTS$jLOU.2706 [1981]
=852  41$31982$aBritish Library$bHMNTS$jLOU.2430 [1982]
=852  41$31983$aBritish Library$bHMNTS$jLOU.308 [1983]
=852  41$31984$aBritish Library$bHMNTS$jLOU.450 [1984]
=852  41$31985$aBritish Library$bHMNTS$jLOU.946 [1985]
=852  41$31986$aBritish Library$bHMNTS$jLOU.598 [1986]
=852  41$31986$aBritish Library$bHMNTS$jLOU.597 [1986]
=852  41$31987$aBritish Library$bHMNTS$jLOU.1155 [1987]
=852  41$31987$aBritish Library$bHMNTS$jLOU.1154 [1987]
=852  41$31988$aBritish Library$bHMNTS$jLOU.1221 [1988]
=852  41$31989$aBritish Library$bHMNTS$jLOU.327 [1989]
=852  41$31989$aBritish Library$bHMNTS$jLOU.326 [1989]
=852  41$31990$aBritish Library$bHMNTS$jLOU.99 [1990]
=852  41$31990$aBritish Library$bHMNTS$jLOU.98 [1990]
=852  41$31991$aBritish Library$bHMNTS$jLOU.976 [1991]
=852  41$31992$aBritish Library$bHMNTS$jLOU.919 [1992]
=852  41$31993$aBritish Library$bHMNTS$jLOU.320 [1993]
=852  41$31994$aBritish Library$bHMNTS$jLOU.196 [1994]
=852  41$31995$aBritish Library$bHMNTS$jLOU.1248-9 [1995]
=852  41$31996$aBritish Library$bHMNTS$jLOU.1534 [1996]
=852  41$31997$aBritish Library$bHMNTS$jLOU.848 [1997]
=852  41$31998$aBritish Library$bHMNTS$jLOU.670 [1998]
=852  41$31999$aBritish Library$bHMNTS$jLOU.275 [1999]
=852  41$32000$aBritish Library$bHMNTS$jLOU.320 [2000]
=852  41$32001$aBritish Library$bHMNTS$jLOU.188 [2001]
=852  41$32002$aBritish Library$bHMNTS$jLOU.105 [2002]
=852  41$32003$aBritish Library$bHMNTS$jLOU.232 [2003]
=852  41$32004$aBritish Library$bHMNTS$jLOU.598 [2004]
=852  41$32005$aBritish Library$bHMNTS$jLOU.164 [2005]
=852  41$31973$aBritish Library$bHMNTS$jLOU.403 [1973]
=852  41$31974$aBritish Library$bHMNTS$jLOU.1918 [1974]
=852  41$31975$aBritish Library$bHMNTS$jLOU.1776 [1975]
=852  41$31935$aBritish Library$bHMNTS$cLON
=852  41$32006$aBritish Library$bHMNTS$jLOU.360 [2006]
=852  41$32009$aBritish Library$bHMNTS$jLOU.323 [2009]
=852  41$31961$aBritish Library$bHMNTS$jLOU.817 [1961]
=852  41$31962$aBritish Library$bHMNTS$jLOU.1685 [1962]
=852  41$31963$aBritish Library$bHMNTS$jLOU.2955 [1963]
=852  41$31964$aBritish Library$bHMNTS$jLOU.3247 [1964]
=852  41$31965$aBritish Library$bHMNTS$jLOU.1956 [1965]
=852  41$31966$aBritish Library$bHMNTS$jLOU.2083 [1966]
=852  41$31967$aBritish Library$bHMNTS$jLOU.1184 [1967]
=852  41$31935$aBritish Library$bHMNTS$jLOU.LON 440 [1935]
=852  41$31936$aBritish Library$bHMNTS$jLOU.LON 145 [1936]
=852  41$31937$aBritish Library$bHMNTS$jLOU.LON 108 [1937]
=852  41$31938$aBritish Library$bHMNTS$jLOU.LON 30 [1938]
=852  41$31939$aBritish Library$bHMNTS$jLOU.LON 88 [1939]
=852  41$31940$aBritish Library$bHMNTS$jLOU.LON 130 [1940]
=852  41$31941$aBritish Library$bHMNTS$jLOU.LON 58 [1941]
=852  41$31942$aBritish Library$bHMNTS$jLOU.LON 107 [1942]
=852  41$31943$aBritish Library$bHMNTS$jLOU.LON 111 [1943]
=852  41$31944$aBritish Library$bHMNTS$jLOU.LON 62 [1944]
=852  41$31945$aBritish Library$bHMNTS$jLOU.LON 330 [1945]
=852  41$31946$aBritish Library$bHMNTS$jLOU.LON 114 [1946]
=852  41$31947$aBritish Library$bHMNTS$jLOU.LON 46 [1947]
=852  41$31948$aBritish Library$bHMNTS$jLOU.LON 335 [1948]
=852  41$31949$aBritish Library$bHMNTS$jLOU.EW 6 [1949]
=852  41$31950$aBritish Library$bHMNTS$jLOU.EW 1299 [1950]
=852  41$31951$aBritish Library$bHMNTS$jLOU.EW 1228 [1951]
=852  41$31952$aBritish Library$bHMNTS$jLOU.EW 23 [1952]
=852  41$31953$aBritish Library$bHMNTS$jLOU.EW 1263 [1953]
=852  41$31954$aBritish Library$bHMNTS$jLOU.EW 1297 [1954]
=852  41$31955$aBritish Library$bHMNTS$jLOU.EW 1440 [1955]
=852  41$31955$aBritish Library$bHMNTS$jLOU.EW 1439 [1955]
=852  41$31956$aBritish Library$bHMNTS$jLOU.EW 1411 [1956]
=852  41$aBritish Library$bDSC$j3407.000000
=852  71$aBritish Library$bSTI$k(P)$hHT 25$m-E(1)$2blsrissc
=852  \\$aBritish Library$bHMNTS$jREG2083
=945  \\$aConfectionery production, ISSN 0010-5473 ; vol 80 no 9 2014/2015
=CAT  \\$a8342$b40$c20150105$lBLL01$h1134
=CAT  \\$a8342$b40$c20150105$lBLL01$h1139
=CAT  \\$aBATCH-CLA$b00$c20150106$lBLL01$h0037
=CAT  \\$aBATCH-CLA$b00$c20150203$lBLL01$h0036
=CAT  \\$aBATCH-CLA$b00$c20161201$lBLL01$h0112
=CAT  \\$aIPL-CLA$c20161231$lBLL01$h0021
=CAT  \\$aBATCH-CLA$b00$c20171201$lBLL01$h0118
=CAT  \\$aIPL-CLA$c20171231$lBLL01$h1827
=CAT  \\$aBATCH-CLA$b00$c20191130$lBLL01$h0105
=CAT  \\$aIPL-CLA$c20191231$lBLL01$h2040
=CAT  \\$aBATCH-CLA$b00$c20201127$lBLL01$h0113
=CAT  \\$aIPL-CLA$c20201231$lBLL01$h2343
=CAT  \\$aBATCH-CLA$b00$c20221201$lBLL01$h0107
=CAT  \\$aIPL-CLA$c20221231$lBLL01$h2332
=CAT  \\$aBATCH-CLA$b00$c20230210$lBLL01$h0105
=CFI  0\$aCurrent Copyright Fee: GBP25.00$c0$e09-feb-2023$fGBP25.00$g0$hC$5Uk
=FIN  \\$aY$d20150105
=LKR  \\$aANA$b012098778$lBLL01$nConfectionery production$r773$y2014$v80$i9$mWhat price chocolate? Academy of Chocolate conference
=TCO  \\$aCLA$bCLA$c008
=LAS  \\$aBATCH-CLA$b00$c20230210$lBLL01$h0105

