=LDR  02255pam a2200613 a 4500
=001  013655475
=003  Uk
=005  20131227111859.0
=008  070125s2007\\\\enk\\\\\\d\\\\000\0\eng\d
=015  \\$aGBA707995$2bnb
=016  7\$a013655475$2Uk
=020  \\$a9780198614203
=020  \\$a9780199233816 :$c£35.00
=020  \\$a0198614209 :$c£35.00
=040  \\$aStDuBDS$beng$cStDuBDS$dUk
=041  0\$aeng$arus
=042  \\$aukblsr
=082  04$a491.7321$222
=245  00$aOxford Russian dictionary /$cRussian-English edited by Marcus Wheeler and Boris Unbegaun ; English-Russian edited by Paul Falla.
=250  \\$a4th ed. / revised and updated by Della Thompson.
=260  \\$aOxford :$bOxford University Press,$c2007.
=300  \\$axxi, 1322 p. ;$c27 cm.
=336  \\$atext$2rdacontent
=337  \\$aunmediated$2rdamedia
=338  \\$avolume$2rdacarrier
=500  \\$aPrevious ed.: 2000.
=500  \\$aText in English and Russian.
=500  \\$aFormerly CIP.$5Uk
=530  \\$aAlso available online.
=650  \0$aRussian language$vDictionaries$xEnglish.
=650  \0$aEnglish language$vDictionaries$xRussian.
=700  1\$aThompson, Della.
=700  1\$aWheeler, Marcus.
=700  1\$aUnbegaun, Boris Ottokar,$d1898-1973.
=700  1\$aFalla, P. S.$q(Paul Stephen),$d1913-2003.
=852  11$aBritish Library$bHMNTS$cSPHOA$kHUR$h491.73
=852  11$aBritish Library$bHMNTS$cSPHOA$kHLR$h491.73
=852  11$aBritish Library$bHMNTS$cSPHOA$kHUD$mRUS
=852  11$aBritish Library$bSTI$k(B)$h491.7321$mEnquiry Desk Science 3
=852  11$aBritish Library$bHMNTS$cSPHOA$kHUD$hRUS
=852  11$aBritish Library$bHMNTS$cSPHOA$kHLD$hRUS
=852  41$aBritish Library$bHMNTS$jYK.2007.b.4235
=CAT  \\$aBATCH-CIP$b00$c20070130$lBLL01$h1700
=CAT  \\$aBATCH$b00$c20070130$lBLL01$h1702
=CAT  \\$aBATCH$b00$c20070130$lBLL01$h1706
=CAT  \\$a12664$b40$c20070503$lBLL01$h1533
=CAT  \\$a7000$b40$c20070709$lBLL01$h1349
=CAT  \\$a9701$b40$c20131209$lBLL01$h1447
=CAT  \\$a6916$b40$c20131227$lBLL01$h1119
=CAT  \\$aWR16_021$c20160617$lBLL01$h1806
=CAT  \\$aBATCH-UPD$b00$c20170210$lBLL01$h2042
=FIN  \\$aY$d20070706
=FMT  \\$a  BK
=LAS  \\$aBATCH-UPD$b00$c20170210$lBLL01$h2042

