=LDR  01930cam a2200553 a 4500
=001  013661406
=003  Uk
=005  20220331224226.0
=008  070123s2007\\\\enka\\\\\b\\\\001\0\eng\d
=FMT  \\$a  BK
=015  \\$aGBA710592$2bnb
=016  7\$a013661406$2Uk
=020  \\$a9781846286391 (hbk.) :$c£45.00
=020  \\$a1846286395 (hbk.) :$c£45.00
=020  \\$a9781846286407 (ebook) :$cNo price
=020  \\$a1846286409 (ebook) :$cNo price
=040  \\$aStDuBDS$beng$cStDuBDS$dUk
=042  \\$aukblcatcopy
=082  04$a781.224$222
=100  1\$aSethares, William A.,$d1955-
=245  10$aRhythm and transforms /$cWilliam A. Sethares.
=260  \\$aLondon :$bSpringer,$cc2007.
=300  \\$axiii, 336 p. :$bill. ;$c24 cm. +$e1 CD-ROM.
=336  \\$atext$2rdacontent
=337  \\$aunmediated$2rdamedia
=338  \\$avolume$2rdacarrier
=500  \\$aIncludes index.
=504  \\$aIncludes bibliographical references.
=504  \\$aDiscography.
=500  \\$aFormerly CIP.$5Uk
=540  \\$aBritish Library not licensed to copy$c0$5Uk
=650  \0$aMusical meter and rhythm.
=650  \0$aSignal processing$xDigital techniques.
=650  \0$aMusic$xAcoustics and physics.
=852  41$aBritish Library$bDSC$jVm10/.5100
=852  11$aBritish Library$bSTI$k(B)$h781.224
=852  11$aBritish Library$bSTI$k(TB) 781.224
=917  \\$aPriority processing
=CAT  \\$aBATCH-CIP$b00$c20070206$lBLL01$h1701
=CAT  \\$aBATCH$b00$c20070206$lBLL01$h1702
=CAT  \\$aBATCH$b00$c20070206$lBLL01$h1708
=CAT  \\$a6923$b40$c20070903$lBLL01$h0938
=CAT  \\$a9523$b40$c20070904$lBLL01$h1605
=CAT  \\$aWR16_021$c20160617$lBLL01$h1808
=CAT  \\$aBATCH-CLAB$c20220330$lBLL01$h1744
=CAT  \\$aIPL-CLA$c20220331$lBLL01$h2242
=CFI  0\$aBritish Library not licensed to copy$c0$e01-apr-2022$hC$iCFP Excluded$5Uk
=FIN  \\$aY$d20070904
=LAS  \\$aIPL-CLA$b00$c20220331$lBLL01$h2242

