=LDR  03676cam a2200877 a 4500
=001  013667911
=003  Uk
=005  20230924061358.0
=008  060508s2006\\\\nyua\\\\\b\\\\101\0\eng\\
=FMT  \\$a  BK
=010  \\$a  2006927112
=020  \\$a9780387354606 (set)
=020  \\$a0387354603 (set)
=020  \\$a9780387317731 (v. 1)
=020  \\$a0387317732 (v. 1)
=020  \\$a9780387346786 (v. 2)
=020  \\$a0387346783 (v. 2)
=020  \\$a9780387346809 (v. 3)
=020  \\$a0387346805 (v. 3)
=040  \\$aDLC$cDLC$dUk
=042  \\$aukblsr
=050  00$aGV557.5$b.I68 2006
=082  04$a796.01$222
=110  2\$aInternational Sports Engineering Association.$bConference$n(6th :$d2006 :$cMunich, Germany)
=CNF  \\$aInternational Sports Engineering Association. (Conference :$n6th :$d2006 :$cMunich, Germany)
=245  14$aThe engineering of sport 6 /$cEckehard Fozzy Moritz and Steve Haake (eds.).
=246  3\$aEngineering of sport six
=260  \\$aNew York :$bSpringer,$cc2006.
=300  \\$a3 v. :$bill. ;$c25 cm.
=336  \\$atext$2rdacontent
=337  \\$aunmediated$2rdamedia
=338  \\$avolume$2rdacarrier
=500  \\$aProceedings of the 2006 biannual conference of the International Sports Engineering Association, held July 11-14 in Munich, Germany.
=504  \\$aIncludes bibliographical references and index.
=505  00$gv. 1. Developments for sports -- v. 2. Developments for disciplines -- v. 3. Developments for innovation.
=591  \\$aPapers.
=540  \\$aCurrent Copyright Fee: GBP25.00$c0$5Uk
=540  \\$aCurrent Copyright Fee: GBP25.00$c0$5Uk
=650  \0$aSports sciences$vCongresses.
=650  \0$aAthletics$xEquipment and supplies$vCongresses.
=650  \0$aSporting goods$vCongresses.
=653  1\$aSports engineering
=700  1\$aMoritz, Eckehard Fozzy.
=700  1\$aHaake, Steve.
=852  11$aBritish Library$bSTI$k(B)$h796.01
=852  41$aBritish Library$bDSC$h3770.027500$i6th edition, vol. 1 (2006)
=852  41$aBritish Library$bDSC$j3770.027500$i6th edition, vol. 3 (2006)
=852  41$aBritish Library$bDSC$j3770.027500$i6th edition, vol. 2 (2006)
=945  \\$aEngineering of sport ; no 6 pts 1-3 2006
=CAT  \\$a4861$b40$c20070208$lBLL01$h1411
=CAT  \\$a8962$b40$c20070319$lBLL01$h1020
=CAT  \\$a11250$b40$c20081111$lBLL01$h1147
=CAT  \\$a11250$b40$c20081111$lBLL01$h1153
=CAT  \\$aBATCH-CLA$b00$c20140810$lBLL01$h1325
=CAT  \\$aBATCH-CLA$b00$c20161222$lBLL01$h1812
=CAT  \\$aIPL-CLA$c20161230$lBLL01$h2210
=CAT  \\$aBATCH-CLA$b00$c20171222$lBLL01$h2135
=CAT  \\$aIPL-CLA$c20171231$lBLL01$h1703
=CAT  \\$aBATCH-CLA$b00$c20191219$lBLL01$h1738
=CAT  \\$aIPL-CLA$c20191231$lBLL01$h1944
=CAT  \\$aR2001-1524$c20200127$lBLL01$h2021
=CAT  \\$aBATCH-CLA$b00$c20200128$lBLL01$h0407
=CAT  \\$aBATCH-CLA$b00$c20201204$lBLL01$h1541
=CAT  \\$aIPL-CLA$c20201231$lBLL01$h2218
=CAT  \\$aBATCH-CLA$b00$c20221221$lBLL01$h1851
=CAT  \\$aIPL-CLA$c20221231$lBLL01$h2133
=CAT  \\$aW2308-1659$c20230923$lBLL01$h1035
=CAT  \\$aBATCH-CLA$b00$c20230924$lBLL01$h0613
=CFI  0\$aCurrent Copyright Fee: GBP25.00$c0$e01-jan-2023$fGBP25.00$g0$hA$5Uk
=CFI  0\$aCurrent Copyright Fee: GBP25.00$c0$e01-jan-2023$fGBP25.00$g0$hA$5Uk
=FIN  \\$aY$d20070319
=SRC  \\$aBLL02
=ACF  \\$aPrevious Copyright Fee: GBP12.30$c0$e01-jan-2014$fGBP12.30$g0$hA$5Uk
=ACF  \\$aPrevious Copyright Fee: GBP15.00$c0$e01-jan-2017$fGBP15.00$g0$hA$5Uk
=ACF  \\$aPrevious Copyright Fee: GBP20.00$c0$e01-jan-2020$fGBP20.00$g0$hA$5Uk
=LAS  \\$aBATCH-CLA$b00$c20230924$lBLL01$h0613

