=LDR  02818cam a2200673 a 4500
=001  013690242
=003  Uk
=005  20221231213404.0
=008  070307s2007\\\\enkab\\\\\\\\\000\0\eng\\
=FMT  \\$a  BK
=015  \\$aGBA721950$2bnb
=016  7\$a013690242$2Uk
=020  \\$a1840574313 (pbk.) :$cNo price
=040  \\$aUk$beng$cUk
=042  \\$aukblsr
=082  04$a553.7$222
=100  1\$aVidal, Jean-Philippe.
=245  10$aEffects of climate change on river flows and groundwater recharge :$bguidelines for resource assessment and UKWIR06 scenarios /$cauthors, Jean Philippe Vidal, Steven Wade.
=260  \\$aLondon :$bUK Water Industry Research,$c2007.
=300  \\$a89 p. :$bcol. ill., col. maps ;$c30 cm. +$e1 CD-ROM.
=336  \\$atext$2rdacontent
=337  \\$aunmediated$2rdamedia
=338  \\$avolume$2rdacarrier
=500  \\$aReport ref. no. 06/CL/04/8
=540  \\$aCurrent Copyright Fee: GBP25.00$c0$5Uk
=650  \0$aGroundwater recharge$zGreat Britain$xStatistics.
=650  \0$aStream measurements$zGreat Britain.
=700  1\$aWade, Steven.
=710  2\$aUnited Kingdom Water Industry Research.
=852  11$aBritish Library$bSTI$k(B)$h553.7$3Accompanying CD-ROM held at (TB)553.7
=852  41$aBritish Library$bDSC$j7620.345900$ino. 06/CL/04/8
=852  11$aBritish Library$bSTI$k(TB)553.7
=CAT  \\$a12271$b40$c20070307$lBLL01$h1132
=CAT  \\$a12271$b40$c20070307$lBLL01$h1135
=CAT  \\$a12271$b40$c20070307$lBLL01$h1150
=CAT  \\$a12271$b40$c20070307$lBLL01$h1244
=CAT  \\$a8962$b40$c20070320$lBLL01$h1328
=CAT  \\$aBATCH-CLA$b00$c20140810$lBLL01$h1503
=CAT  \\$aWR16_021$c20160617$lBLL01$h1812
=CAT  \\$aBATCH-CLA$b00$c20160618$lBLL01$h0137
=CAT  \\$aBATCH-CLA$b00$c20161222$lBLL01$h1813
=CAT  \\$aIPL-CLA$c20161230$lBLL01$h2212
=CAT  \\$aBATCH-CLA$b00$c20171222$lBLL01$h2135
=CAT  \\$aIPL-CLA$c20171231$lBLL01$h1703
=CAT  \\$aBATCH-CLA$b00$c20191219$lBLL01$h1738
=CAT  \\$aIPL-CLA$c20191231$lBLL01$h1944
=CAT  \\$aR2001-1524$c20200127$lBLL01$h2021
=CAT  \\$aBATCH-CLA$b00$c20200128$lBLL01$h0424
=CAT  \\$aBATCH-CLA$b00$c20201204$lBLL01$h1541
=CAT  \\$aIPL-CLA$c20201231$lBLL01$h2219
=CAT  \\$aBATCH-CLA$b00$c20221221$lBLL01$h1851
=CAT  \\$aIPL-CLA$c20221231$lBLL01$h2134
=CFI  0\$aCurrent Copyright Fee: GBP25.00$c0$e01-jan-2023$fGBP25.00$g0$hA$5Uk
=CFI  2\$aPrevious Copyright Fee: GBP22.50$c0$e01-jan-2021$fGBP22.50$g0$hA$5Uk
=FIN  \\$aY$d20070320
=ACF  \\$aPrevious Copyright Fee: GBP12.30$c0$e01-jan-2014$fGBP12.30$g0$hA$5Uk
=ACF  \\$aPrevious Copyright Fee: GBP15.00$c0$e01-jan-2017$fGBP15.00$g0$hA$5Uk
=ACF  \\$aPrevious Copyright Fee: GBP20.00$c0$e01-jan-2020$fGBP20.00$g0$hA$5Uk
=LAS  \\$aIPL-CLA$b00$c20221231$lBLL01$h2134

