=LDR  04549 am a2201153 a 4500
=001  013778026
=003  Uk
=005  20120322090206.0
=008  030206m20022010ne\ab\\\\b\\\\000\0\eng\\
=010  \\$a2003275607
=016  7\$a013778026$2Uk
=020  \\$a9789004122598 (set)
=020  \\$a9004122591 (set)
=020  \\$a9004122583 (v. 1)
=020  \\$a9004122656 (v. 2)
=020  \\$a9004122664 (v. 3)
=020  \\$a9004122672 (v. 4)
=020  \\$a9004122680 (v. 5)
=020  \\$a9004122699 (v. 6)
=020  \\$a9004122702 (v. 7)$z9004122792
=020  \\$a9004122710 (v. 8)
=020  \\$a9004122729 (v. 9)
=020  \\$a9789004142152 (v. 10)
=020  \\$a9789004142169 (v. 11)
=020  \\$a9789004142176 (v. 12)
=020  \\$a9789004142183 (v. 13)
=020  \\$a9789004142190 (v. 14)
=020  \\$a9789004142206 (v. 15)
=020  \\$a9789004184725 (v. 16, Index)
=020  \\$a9004184724 (v. 16, Index)
=040  \\$aDLC$beng$cDLC$dUk
=041  1\$aeng$hger
=042  \\$aukblsr
=043  \\$amm-----
=050  00$aDE5$b.N3513 2002
=082  00$a938.003$222
=130  0\$aNeue Pauly.$lEnglish.
=245  10$aBrill's New Pauly : encyclopaedia of the ancient world.$pAntiquity /$cedited by Hubert Cancik and Helmuth Schneider ; English edition, managing editor, Christine F. Salazar, assistant editor, David E. Orton.
=246  30$aEncyclopaedia of the ancient world
=260  \\$aLeiden :$bBrill,$c2002-2010.
=300  \\$a16 v. :$bill., maps ;$c28 cm.
=336  \\$atext$2rdacontent
=337  \\$aunmediated$2rdamedia
=338  \\$avolume$2rdacarrier
=500  \\$aAugmented by the Supplements series.
=504  \\$aIncludes bibliographical references.
=505  0\$av. 1. A-Ari -- v. 2. Ark-Cas -- v. 3. Cat-Cyp -- v. 4. Cyr-Epy -- v. 5. Equ-Has -- v. 6. Hat-Jus -- v. 7. K-Lyc -- v. 8. Lyd-Mine -- v. 9. Mini-Obe -- v. 10. Obl-Phe -- v. 11. Phi-Prok -- v. 12. Prol-Sar-- v. 13. Sas-Syl -- v. 14. Sym-Tub -- v. 15. Tuc-Zyt; Addenda -- [v. 16]. Index, lists and tables.
=650  \0$aClassical dictionaries.
=650  \0$aAuthors, Greek$vDictionaries.
=650  \0$aGreek literature$vDictionaries.
=650  \0$aAuthors, Latin$vDictionaries.
=700  1\$aCancik, Hubert.
=700  1\$aSchneider, Helmuth.
=700  1\$aSalazar, Christine F.
=700  1\$aOrton, David E.
=730  0\$aGeschichte der Araber unter der Regierung der Califen.
=852  41$aBritish Library$bDSC$jQ938.003$ivol. 15
=852  41$aBritish Library$bDSC$jQ938.003$iv. 9
=852  41$aBritish Library$bHMNTS$ivol. 16
=852  41$aBritish Library$bDSC$jQ938.003$iv. 7
=852  41$aBritish Library$bDSC$jQ938.003$ivol. 14
=852  41$aBritish Library$bDSC$jQ938.003$ivol. 13
=852  41$aBritish Library$bDSC$jQ938.003$iv. 4
=852  41$aBritish Library$bDSC$jQ938.003$iv. 8
=852  41$aBritish Library$bDSC$jQ938.003$iv. 2
=852  11$aBritish Library$bHMNTS$cSPHOA$kHLR$h938.003$3VOL.1-
=852  11$aBritish Library$bHMNTS$cSPHOA$kHLR$h938.003
=852  41$aBritish Library$bDSC$jQ938.003$iv. 3
=852  41$aBritish Library$bDSC$jQ938.003$iv. 10
=852  41$aBritish Library$bDSC$jQ938.003$iv. 1
=852  41$aBritish Library$bDSC$jQ938.003$iv. 5
=852  41$aBritish Library$bDSC$jQ938.003$iv. 11
=852  41$aBritish Library$bDSC$jQ938.003$iv. 6
=852  41$aBritish Library$bDSC$jQ938.003$iv. 7
=852  41$aBritish Library$bDSC$jQ938.003$ivol. 12
=852  41$aBritish Library$bDSC$jQ938.003
=CAT  \\$a11070$b40$c20070626$lBLL01$h1405
=CAT  \\$a11070$b40$c20070626$lBLL01$h1430
=CAT  \\$a11250$b40$c20070918$lBLL01$h1349
=CAT  \\$a11250$b40$c20080212$lBLL01$h0857
=CAT  \\$a11250$b40$c20080212$lBLL01$h0906
=CAT  \\$a11250$b40$c20080212$lBLL01$h0934
=CAT  \\$a11250$b40$c20080604$lBLL01$h1051
=CAT  \\$a11009$b40$c20081106$lBLL01$h1010
=CAT  \\$a11070$b40$c20090609$lBLL01$h1215
=CAT  \\$a11070$b40$c20091113$lBLL01$h1126
=CAT  \\$a11070$b40$c20091113$lBLL01$h1147
=CAT  \\$a11070$b40$c20091113$lBLL01$h1148
=CAT  \\$a11070$b40$c20091113$lBLL01$h1149
=CAT  \\$a11250$b40$c20100107$lBLL01$h1158
=CAT  \\$a11250$b40$c20100107$lBLL01$h1204
=CAT  \\$a9665$b40$c20100217$lBLL01$h1449
=CAT  \\$a11250$b40$c20110830$lBLL01$h1328
=CAT  \\$a11250$b40$c20120322$lBLL01$h0902
=CAT  \\$aWR16_021$c20160617$lBLL01$h1826
=FIN  \\$aY$d20070626
=FMT  \\$a  BK
=LAS  \\$aWR16_021$b00$c20160617$lBLL01$h1826
=SRC  \\$aDSS02$bbibh.200404.2.aa

