=LDR  01466cam a2200421 a 4500
=001  013802047
=003  Uk
=005  20071114082900.0
=008  070629s2007\\\\gw\a\\\\\b\\\\001\0\eng\\
=FMT  \\$a  BK
=010  \\$a2007931998
=020  \\$a9783540251415 (hardcover : alk. paper)
=020  \\$a9783540302995 (e-book)
=040  \\$aDLC$beng$cDLC$dUk
=042  \\$aukblsr
=082  04$a532$222
=245  00$aSpringer handbook of experimental fluid mechanics /$cCameron Tropea, Alexander L. Yarin, John F. Foss (eds.).
=260  \\$aBerlin :$bSpringer,$cc2007.
=300  \\$axxviii, 1557 p. :$bill. (some col.) ;$c25 cm. +$e1 CD-ROM (4 3/4 in.)
=336  \\$atext$2rdacontent
=337  \\$aunmediated$2rdamedia
=338  \\$avolume$2rdacarrier
=504  \\$aIncludes bibliographical references and index.
=650  \0$aFluid mechanics.
=650  \0$aFluid dynamic measurements.
=700  1\$aTropea, Cameron,$d1954-
=700  1\$aYarin, Alexander L.,$d1953-
=700  1\$aFoss, John F.
=852  11$aBritish Library$bSTI$k(B)$h532$3Accompanying CD-Rom held at (TB) 532
=852  11$aBritish Library$bSTI$k(TB) 532
=852  41$aBritish Library$bDSC$jVm08/.50082
=CAT  \\$a3563$b40$c20070726$lBLL01$h1103
=CAT  \\$a9671$b40$c20071114$lBLL01$h0812
=CAT  \\$a9671$b40$c20071114$lBLL01$h0829
=CAT  \\$aW2308-1659$c20230923$lBLL01$h1041
=FIN  \\$aY$d20071114
=SID  \\$aZ39$bLOC
=LAS  \\$aW2308-1659$b00$c20230923$lBLL01$h1041

