=LDR  01900cam a2200529 a 4500
=001  015480408
=003  Uk
=005  20220331230853.0
=008  030820s2010\\\\enka\\\\\b\\\\000\0\eng\\
=FMT  \\$a  BK
=015  \\$aGBA3-V1785
=016  7\$a015480408$2Uk
=020  \\$a9780521819176
=020  \\$a0521819172
=035  \\$a(OCoLC)52920292
=040  \\$aUKM$beng$cUKM$dOCLCQ$dBAKER$dBTCTA$dYDXCP$dOCLCG$dBWK$dBWKUK$dUk
=042  \\$aukblsr
=050  \4$aML410.C54$bA56 2010
=082  04$a780.92$222
=100  1\$aGrabowski, Christophe.
=245  10$aAnnotated catalogue of Chopin's first editions /$cChristophe Grabowski and John Rink.
=260  \\$aCambridge, UK :$bCambridge University Press,$c2010.
=300  \\$alxxxiv, 909 p. :$bill. ;$c29 cm.
=336  \\$atext$2rdacontent
=337  \\$aunmediated$2rdamedia
=338  \\$avolume$2rdacarrier
=504  \\$aIncludes bibliographical references.
=540  \\$aCurrent Copyright Fee: GBP25.00$c0$5Uk
=650  \0$aMusic$vCatalogs.
=600  10$aChopin, Frédéric,$d1810-1849$vCatalogs.
=700  1\$aRink, John$q(John Scott).
=852  41$aBritish Library$bMUSIC$cREF$kM.R. Ref.$h789$mCHO
=852  41$aBritish Library$bHMNTS$cSPHOA$kMUS$h789$mCHO
=852  41$aBritish Library$bDSC$jm10/.13424
=852  41$aBritish Library$bHMNTS$jYC.2010.b.860
=CAT  \\$a11375$b40$c20100203$lBLL01$h1547
=CAT  \\$a11014$b40$c20100222$lBLL01$h1406
=CAT  \\$a8962$b40$c20130828$lBLL01$h1459
=CAT  \\$aWR16_021$c20160626$lBLL01$h1804
=CAT  \\$aBATCH-UPD$b00$c20171113$lBLL01$h2055
=CAT  \\$aBATCH-CLAB$c20220330$lBLL01$h1632
=CAT  \\$aIPL-CLA$c20220331$lBLL01$h2308
=CAT  \\$aW2308-1659$c20230923$lBLL01$h1052
=CFI  0\$aCurrent Copyright Fee: GBP25.00$c0$e01-apr-2022$fGBP25.00$g0$hC$5Uk
=FIN  \\$aY$d20100222
=SID  \\$aZ39$bOCLC
=LAS  \\$aW2308-1659$b00$c20230923$lBLL01$h1052

