=LDR  02013cam a2200553 a 4500
=001  015500458
=003  Uk
=005  20220331230917.0
=008  100301s2010\\\\gw\a\\\\\b\\\|0|1\0|eng\d
=FMT  \\$a  BK
=010  \\$a2010929048
=015  \\$aGBB034183$2bnb
=016  7\$a015500458$2Uk
=020  \\$a9781848826496 :$c£86.50
=020  \\$a1848826494 :$c£86.50
=020  \\$a9781848826502 (ebk.)
=040  \\$aStDuBDS$beng$cStDuBDS$dUk
=042  \\$aukblsr
=082  04$a616.12075722$222
=245  00$aCardiac CT imaging :$bdiagnosis of cardiovascular disease /$ceditors, Matthew J. Budoff, Jerold S. Shinbane.
=250  \\$a2nd ed.
=260  \\$aDordecht :$bSpringer,$cc2010.
=300  \\$axxvi, 412 p. :$bill. (some col.) ;$c29 cm. +$e1 CD-ROM.
=336  \\$atext$2rdacontent
=337  \\$aunmediated$2rdamedia
=338  \\$avolume$2rdacarrier
=504  \\$aIncludes bibliographical references and index.
=500  \\$aPrevious ed.: 2006.
=500  \\$aFormerly CIP.$5Uk
=540  \\$aBritish Library not licensed to copy$c0$5Uk
=650  \0$aHeart$xTomography.
=650  \0$aCardiovascular system$xDiseases$xDiagnosis.
=700  1\$aBudoff, Matthew J.
=700  1\$aShinbane, Jerold S.
=852  41$aBritish Library$bDSC$jVm10/.5191
=852  11$aBritish Library$bSTI$k(B)$h616.12075722$3Accompanying CD-ROM at (TB) 616.12075722
=852  11$aBritish Library$bSTI$k(TB)616.12075722
=CAT  \\$aBATCH-CIPN$b00$c20100302$lBLL01$h1700
=CAT  \\$aBATCH$b00$c20100302$lBLL01$h1701
=CAT  \\$aBATCH$b00$c20100302$lBLL01$h1704
=CAT  \\$aBATCH$b00$c20100901$lBLL01$h1048
=CAT  \\$a10934$b40$c20100908$lBLL01$h1653
=CAT  \\$a9666$b40$c20100915$lBLL01$h1203
=CAT  \\$aWR16_021$c20160626$lBLL01$h1808
=CAT  \\$aBATCH-CLAB$c20220330$lBLL01$h1741
=CAT  \\$aIPL-CLA$c20220331$lBLL01$h2309
=CFI  0\$aBritish Library not licensed to copy$c0$e01-apr-2022$hC$iCFP Excluded$5Uk
=FIN  \\$aY$d20100908
=LAS  \\$aIPL-CLA$b00$c20220331$lBLL01$h2309

