=LDR  02802pam a2200721 a 4500
=001  015545137
=003  Uk
=005  20110623115412.0
=008  100428s2010\\\\enk\\\\\\d\\\\000\0\eng\d
=015  \\$aGBB057719$2bnb
=016  7\$a015545137$2Uk
=020  \\$a9780199571123 :$c£39.99
=020  \\$a0199571120 :$c£39.99
=040  \\$aStDuBDS$beng$cStDuBDS$dUk
=042  \\$aukblsr
=082  04$a423$222
=245  00$aOxford dictionary of English.
=250  \\$a3rd ed. /$bedited by Angus Stevenson.
=260  \\$aOxford :$bOxford University Press,$c2010.
=300  \\$axxii, 2069 p. ;$c28 cm.
=336  \\$atext$2rdacontent
=337  \\$aunmediated$2rdamedia
=338  \\$avolume$2rdacarrier
=500  \\$aRev. ed. of: Oxford dictionary of English / edited by Catherine Soanes and Angus Stevenson, 2005.
=500  \\$a19 pages of contents in middle of book between end of L and beginning of M.
=500  \\$aFormerly CIP.$5Uk
=650  \0$aEnglish language$vDictionaries.
=700  1\$aStevenson, Angus.
=852  11$aBritish Library$bHMNTS$cSPHOA$kHLR$h423
=852  11$aBritish Library$bSTI$k(B)$h423$mEnquiry Desk Science 3$i2010
=852  11$aBritish Library$bSTI$k(B)$h423$mEnquiry Desk Science 2
=852  11$aBritish Library$bSTI$k(B)$h423$mEnquiry Desk Science 3
=852  11$aBritish Library$bSTI$k(B)$h423$mEnquiry Desk Science 2$i2010
=852  11$aBritish Library$bHMNTS$kRAR$h423
=852  41$aBritish Library$bHMNTS$kOPL$hIndex
=852  11$aBritish Library$bHMNTS$kMSS$h423
=852  11$aBritish Library$bHMNTS$kMSS$h423
=852  41$aBritish Library$bHMNTS$kMaps. Ref.$hB.2.(9.)
=852  11$aBritish Library$bHMNTS$kMSS$h423
=852  41$aBritish Library$bHMNTS$kHLD$hENG
=852  41$aBritish Library$bHMNTS$kHLD$hENG
=852  41$aBritish Library$bHMNTS$kOPL$hIndex
=852  41$aBritish Library$bHMNTS$kHLD$hENG
=852  41$aBritish Library$bHMNTS$kHLD$hENG
=852  11$aBritish Library$bHMNTS$kOIA$h423
=852  11$aBritish Library$bHMNTS$hOIA$i4213
=852  41$aBritish Library$bHMNTS$kOPL$hIndex
=852  41$aBritish Library$bHMNTS$kOIA$h423
=852  41$aBritish Library$bHMNTS$kHUD$hENG
=852  41$aBritish Library$bHMNTS$kHUD$hENG
=852  41$aBritish Library$bHMNTS$jYC.2011.b.1552
=852  11$aBritish Library$bHMNTS$kRAR$h423
=852  11$aBritish Library$bHMNTS$kRAR$h423
=CAT  \\$aBATCH-CIPN$b00$c20100504$lBLL01$h1741
=CAT  \\$aBATCH$b00$c20100504$lBLL01$h1742
=CAT  \\$aBATCH$b00$c20100504$lBLL01$h1745
=CAT  \\$a12271$b40$c20100909$lBLL01$h1457
=CAT  \\$a5447$b40$c20100922$lBLL01$h1549
=CAT  \\$a6632$b40$c20110623$lBLL01$h1154
=CAT  \\$aWR16_021$c20160627$lBLL01$h1808
=FIN  \\$aY$d20100922
=FMT  \\$a  BK
=LAS  \\$aWR16_021$b00$c20160627$lBLL01$h1808

