=LDR  03527pam a2200781 a 4500
=001  015659702
=003  Uk
=005  20130123081240.0
=008  100916s2010\\\\enkab\\\\b\\\|0|1\0|eng|d
=015  \\$aGBB0B6770$2bnb
=016  7\$a015659702$2Uk
=020  \\$a9781107002258 (set) :$c£395.00
=020  \\$a1107002257 (set) :$c£395.00
=020  \\$a9781107002197 (v. 1)
=020  \\$a1107002192 (v. 1)
=020  \\$a9781107002203 (v. 2)
=020  \\$a1107002206 (v. 2)
=020  \\$a9781107002210 (v. 3)
=020  \\$a1107002214 (v. 3)
=020  \\$a9781107002227 (v. 4)
=020  \\$a1107002222 (v. 4)
=020  \\$a9781107002234 (v. 5)
=020  \\$a1107002230 (v. 5)
=020  \\$a9781107002241 (v. 6)
=020  \\$a1107002249 (v. 6)
=040  \\$aStDuBDS$beng$cStDuBDS$dUk
=042  \\$aukblsr
=082  04$a328.4109032$222
=245  04$aThe House of Commons, 1604-1629 /$c[edited by] Andrew Thrush.
=246  1\$iAt head of title:$aHistory of Parliament
=260  \\$aCambridge ;$aNew York :$bPublished for the History of Parliament Trust by Cambridge University Press,$c2010.
=300  \\$a6 v. :$bill., maps ;$c25 cm.
=336  \\$atext$2rdacontent
=337  \\$aunmediated$2rdamedia
=338  \\$avolume$2rdacarrier
=500  \\$aFormerly CIP.$5Uk
=504  \\$aIncludes bibliographical references and index.
=505  0\$av. 1. Introductory survey. Appendices -- v. 2. Constituencies / Andrew Thrush and John P. Ferris -- v. 3. Members A-C / Andrew Thrush and John P. Ferris -- v. 4. Members D-J / Andrew Thrush and John P. Ferris / Andrew Thrush and John P. Ferris -- v. 5. Members K-Q / Andrew Thrush and John P. Ferris -- v. 6. Members R-Z. Appendix / Andrew Thrush and John P. Ferris.
=520  \\$aContains biographies of the 1,782 members of the House of Commons from 1604 to 1629, surveys of elections in the 259 constituencies of Britain over the same period, and an introductory survey of the early 17th-century House of Commons as an institution.
=610  10$aGreat Britain.$bParliament.$bHouse of Commons$xHistory$y17th century.
=610  10$aGreat Britain.$bParliament.$bHouse of Commons$vBiography.
=610  10$aGreat Britain.$bParliament.$bHouse of Commons$vSurveys.
=651  \0$aGreat Britain$xPolitics and government$y1603-1714.
=700  1\$aThrush, A. D.$q(Andrew Derek).
=700  1\$aFerris, John.
=710  2\$aHistory of Parliament Trust (Great Britain)
=852  11$aBritish Library$bHMNTS$cSPHOA$kHLR$h328.41
=852  41$aBritish Library$bHMNTS$cSPHOA$ivol. 2
=852  41$aBritish Library$bHMNTS$jYD.2011.a.3336
=852  41$aBritish Library$bHMNTS$cSPHOA$ivol. 3
=852  41$aBritish Library$bHMNTS$cSPHOA$ivol. 4
=852  11$aBritish Library$bHMNTS$cSPHOA$kOPL$h328.410
=852  41$aBritish Library$bHMNTS$ivol. 5
=852  41$aBritish Library$bHMNTS$ivol. 6
=852  41$aBritish Library$bHMNTS$jYD.2011.a.3339
=852  41$aBritish Library$bHMNTS$jYD.2011.a.3342
=852  41$aBritish Library$bHMNTS$jYD.2011.a.3340
=852  41$aBritish Library$bHMNTS$jYD.2011.a.3338
=852  41$aBritish Library$bHMNTS$jYD.2011.a.3343
=CAT  \\$aBATCH-CIPN$b00$c20100928$lBLL01$h1700
=CAT  \\$a11250$b40$c20110318$lBLL01$h1152
=CAT  \\$a11250$b40$c20121025$lBLL01$h1415
=CAT  \\$a11250$b40$c20130123$lBLL01$h0812
=CAT  \\$aWR16_021$c20160630$lBLL01$h1802
=CAT  \\$aBATCH-UPD$b00$c20170717$lBLL01$h0540
=FIN  \\$aY$d20110318
=FMT  \\$a  BK
=LAS  \\$aBATCH-UPD$b00$c20170717$lBLL01$h0540

