=LDR  01568pam a2200469 a 4500
=001  015695262
=003  Uk
=005  20111014142737.0
=008  101110s2009\\\\enk\\\\\\d\\\|0|0\0|eng|d
=015  \\$aGBB0D5726$2bnb
=016  7\$a015695262$2Uk
=020  \\$a9780007382385 :$c£35.00
=020  \\$a0007382383 :$c£35.00
=040  \\$aStDuBDS$beng$cStDuBDS$dUk
=041  0\$aeng$aspa
=042  \\$aukblsr
=082  04$a463.21$223
=245  00$aCollins Spanish dictionary.
=246  30$aSpanish dictionary
=246  13$aCollins Universal Español-Inglés English-Spanish dictionary
=246  13$aSpanish-English English-Spanish dictionary
=246  13$aDiccionario Español-Inglés Inglés-Español
=250  \\$a9th ed.
=260  \\$aLondon :$bCollins,$c2009.
=300  \\$axlv, 2087 p. ;$c27 cm.
=336  \\$atext$2rdacontent
=337  \\$aunmediated$2rdamedia
=338  \\$avolume$2rdacarrier
=500  \\$a"40th anniversary edition"--Dustjacket.
=500  \\$aFormerly CIP.$5Uk
=650  \0$aSpanish language$vDictionaries$xEnglish.
=650  \0$aEnglish language$vDictionaries$xSpanish.
=852  41$aBritish Library$bHMNTS$jYK.2011.b.14336
=852  11$aBritish Library$bHMNTS$cSPHOA$kHLR$h463
=852  41$aBritish Library$bHMNTS$cSPHOA$kHUD$mSPA
=CAT  \\$aBATCH-CIPN$b00$c20101116$lBLL01$h1700
=CAT  \\$a10876$b40$c20110321$lBLL01$h1115
=CAT  \\$a5447$b40$c20111014$lBLL01$h1427
=CAT  \\$aWR16_021$c20160630$lBLL01$h1809
=FIN  \\$aY$d20111014
=FMT  \\$a  BK
=LAS  \\$aWR16_021$b00$c20160630$lBLL01$h1809

