=LDR  03255cam a2200817 a 4500
=001  015726380
=003  Uk
=005  20230302181403.0
=008  110106s2011\\\\gw\a\\\\\b\\\|001\0\eng\\
=FMT  \\$a  BK
=010  \\$a2011922911
=015  \\$aGBB105469$2bnb
=016  7\$a015726380$2Uk
=020  \\$a9789400704084 (v. 1 : cased)
=020  \\$z9789400704091 (v. 1 : ebook)
=020  \\$a9789400711822 (v. 2 : cased)
=020  \\$z9789400711839 (v. 2 : ebook)
=040  \\$aUk$beng$cUk
=042  \\$aukblsr
=082  04$a629.89$222
=100  1\$aFijałkowski, Bogdan.
=245  10$aAutomotive mechatronics :$boperational and practical issues /$cB.T. Fijalkowski.
=260  \\$aHeidelberg :$bSpringer,$cc2011.
=300  \\$a2 v. :$bill. ;$c25 cm.
=336  \\$atext$2rdacontent
=337  \\$aunmediated$2rdamedia
=338  \\$avolume$2rdacarrier
=490  0\$aInternational series on intelligent systems, control and automation--science and engineering ;$vv. 47, 52
=504  \\$aIncludes bibliographical references and indexes.
=540  \\$aCurrent Copyright Fee: GBP29.95$c0$5Uk
=650  \0$aMechatronics.
=650  \0$aAutomobile industry and trade$xAutomation.
=650  \0$aMotor vehicles$xElectronic equipment.
=852  41$aBritish Library$bDSC$j4549.257730
=852  41$aBritish Library$bDSC$j4549.257730
=852  41$aBritish Library$bDSC$j4549.257730$i47 (2011)
=852  41$aBritish Library$bHMNTS$ivol. 1
=852  11$aBritish Library$bSTI$k(B)$h629.89$iv.47
=852  11$aBritish Library$bSTI$k(B)$h629.89
=CAT  \\$a11168$b40$c20110106$lBLL01$h0835
=CAT  \\$a11168$b40$c20110106$lBLL01$h0838
=CAT  \\$a11070$b40$c20110110$lBLL01$h1107
=CAT  \\$a11244$b40$c20110111$lBLL01$h0804
=CAT  \\$aBATCH-UPD$b40$c20110111$lBLL01$h0805
=CAT  \\$a6989$b40$c20110427$lBLL01$h1228
=CAT  \\$a6989$b40$c20110427$lBLL01$h1415
=CAT  \\$a7233$b40$c20110504$lBLL01$h1335
=CAT  \\$a6989$b40$c20110519$lBLL01$h0941
=CAT  \\$aBATCH-CLA$b00$c20120928$lBLL01$h1840
=CAT  \\$aBATCH-CLA$b00$c20120930$lBLL01$h1054
=CAT  \\$aBATCH-CLA$b00$c20130508$lBLL01$h0743
=CAT  \\$aBATCH-CLA$c20131220$lBLL01$h2110
=CAT  \\$aIPL-CLA$c20140101$lBLL01$h0140
=CAT  \\$aWR16_021$c20160701$lBLL01$h1807
=CAT  \\$aBATCH-CLA$b00$c20160702$lBLL01$h0113
=CAT  \\$aBATCH-CLA$b00$c20161222$lBLL01$h1832
=CAT  \\$aIPL-CLA$c20161230$lBLL01$h2350
=CAT  \\$aBATCH-CLA$b00$c20171222$lBLL01$h2206
=CAT  \\$aIPL-CLA$c20171231$lBLL01$h1805
=CAT  \\$aBATCH-CLA$b00$c20180621$lBLL01$h1637
=CAT  \\$aIPL-CLA$c20180630$lBLL01$h1933
=CAT  \\$aBATCH-CLA$b00$c20221206$lBLL01$h1804
=CAT  \\$aIPL-CLA$c20221231$lBLL01$h2300
=CAT  \\$aBATCH-CLA$b00$c20230302$lBLL01$h1814
=CFI  0\$aCurrent Copyright Fee: GBP29.95$c0$e09-feb-2023$fGBP29.95$g0$hC$5Uk
=FIN  \\$aY$d20110110
=TCO  \\$aNLD$bSTICHTING REPRORECHT$c008
=ACF  \\$aPrevious Copyright Fee: GBP12.30$c0$e01-jan-2014$fGBP12.30$g0$hA$5Uk
=ACF  \\$aPrevious Copyright Fee: GBP15.00$c0$e01-jan-2017$fGBP15.00$g0$hA$5Uk
=ACF  \\$aPrevious Copyright Fee: GBP17.50$c0$e01-jan-2018$fGBP17.50$g0$hA$5Uk
=LAS  \\$aBATCH-CLA$b00$c20230302$lBLL01$h1814

