=LDR  01896pam a2200517 a 4500
=001  015775772
=003  Uk
=005  20120327165946.0
=008  101118s2011\\\\enk\\\\\\d\\\|000\0\eng|d
=015  \\$aGBB136564$2bnb
=016  7\$a015775772$2Uk
=020  \\$a9780199601080 (cased) :$c£25.00
=020  \\$a0199601089 (cased) :$c£25.00
=020  \\$z9780199601103 (with CD-ROM ed.)
=020  \\$z9780199601110 (luxury ed.)
=040  \\$aStDuBDS$beng$cStDuBDS$dUk
=042  \\$aukblsr
=082  04$a423$223
=245  00$aConcise Oxford English dictionary.
=250  \\$a12th ed. /$bedited by Angus Stevenson, Maurice Waite.
=260  \\$aOxford :$bOxford University Press,$c2011.
=300  \\$axxix, 1682 p. ;$c25 cm. +$e1 anniversary booklet.
=336  \\$atext$2rdacontent
=337  \\$aunmediated$2rdamedia
=338  \\$avolume$2rdacarrier
=500  \\$aTitle of booklet: 100 years of the Concise Oxford dictionary.
=500  \\$aFormerly CIP.$5Uk
=650  \0$aEnglish language$vDictionaries.
=700  1\$aStevenson, Angus.
=700  1\$aWaite, Maurice.
=740  02$a100 years of the Concise Oxford dictionary.
=852  41$aBritish Library$bHMNTS$jYD.2012.a.3544$3Booklet
=852  11$aBritish Library$bSTI$k(B)$h423$mEnquiry Desk Science 2
=852  11$aBritish Library$bSTI$k(B)$h423$mEnquiry Desk Science 3
=852  41$aBritish Library$bHMNTS$jYC.2012.a.6044
=852  11$aBritish Library$bHMNTS$cSPHOA$kHLR$h423$3Main work
=852  41$aBritish Library$bHMNTS$cSPHOA$kHUD$mENG
=CAT  \\$aBATCH-CIPN$b00$c20110322$lBLL01$h1700
=CAT  \\$a8479$b40$c20110824$lBLL01$h0858
=CAT  \\$a6989$b40$c20111004$lBLL01$h1115
=CAT  \\$a6989$b40$c20111004$lBLL01$h1118
=CAT  \\$a6989$b40$c20120327$lBLL01$h1659
=CAT  \\$aWR16_021$c20160701$lBLL01$h1817
=FIN  \\$aY$d20111004
=FMT  \\$a  BK
=LAS  \\$aWR16_021$b00$c20160701$lBLL01$h1817

