=LDR  01733pam a2200529 a 4500
=001  015808448
=003  Uk
=005  20111123072134.0
=008  110513s2011\\\\stk\\\\\\\\\\\000\0\eng|d
=015  \\$aGBB158628$2bnb
=016  7\$a015808448$2Uk
=020  \\$a9780007437863 (hbk.) :$c£35.00
=020  \\$a0007437862 (hbk.) :$c£35.00
=040  \\$aStDuBDS$beng$cStDuBDS$dUk
=042  \\$aukblcatcopy
=082  04$a423$223
=245  00$aCollins dictionary.
=246  14$aCollins English dictionary
=250  \\$a11th ed., UK ed.
=260  \\$aGlasgow :$bHarperCollins,$c2011.
=300  \\$axx, 1899 p. ;$c28 cm.
=336  \\$atext$2rdacontent
=337  \\$aunmediated$2rdamedia
=338  \\$avolume$2rdacarrier
=500  \\$aPrevious ed.: 2010.
=500  \\$aText on lining papers.
=500  \\$aFormerly CIP.$5Uk
=650  \0$aEnglish language$vDictionaries.
=852  41$aBritish Library$bHMNTS$kMaps Ref.$hB.2.(9.)
=852  41$aBritish Library$bHMNTS$cSPHOA
=852  41$aBritish Library$bHMNTS$kHUD$hENG
=852  11$aBritish Library$bHMNTS$kRAR$h423
=852  41$aBritish Library$bHMNTS$jYK.2012.b.9814
=852  11$aBritish Library$bHMNTS$cSPHOA$kHLR$h423
=852  41$aBritish Library$bHMNTS$cSPHOA$kHLD$mENG
=852  11$aBritish Library$bHMNTS$kOIA$h423
=852  11$aBritish Library$bHMNTS$kMSS$h423
=852  41$aBritish Library$bHMNTS$kHLD$hENG
=852  41$aBritish Library$bHMNTS$kOPL$hIndex
=CAT  \\$aBATCH-CIPN$b00$c20110517$lBLL01$h1700
=CAT  \\$a11002$b40$c20111123$lBLL01$h0721
=CAT  \\$aWR16_021$c20160701$lBLL01$h1824
=EXP  \\$aX$d20120425
=FIN  \\$aY$d20111123
=FMT  \\$a  BK
=LAS  \\$aWR16_021$b00$c20160701$lBLL01$h1824
=SRC  \\$aBDZ$bblihback

