=LDR  02070cam a2200553 a 4500
=001  015885107
=003  Uk
=005  20230331170634.0
=008  110823s2013\\\\fluaf\\\\b\\\\001\0\eng\d
=FMT  \\$a  BK
=015  \\$aGBB1A5941$2bnb
=016  7\$a015885107$2Uk
=020  \\$a9781439841174 (cased) :$c£57.99
=020  \\$a1439841179 (cased) :$c£57.99
=020  \\$z9781439841181 (ebook)
=020  \\$z1439841187 (ebook)
=040  \\$aStDuBDS$beng$cStDuBDS$dUk
=042  \\$aukblsr
=082  04$a572.860285$223
=100  1\$aSoh, Jung.
=245  10$aGenome annotation /$cJung Soh, Paul M.K. Gordon and Christoph W. Sensen.
=260  \\$aBoca Raton :$bCRC Press,$cc2013.
=300  \\$axxi, 232 p., [16] p. of plates :$bill. (some col.) ;$c24 cm. +$e1 CD-ROM.
=336  \\$atext$2rdacontent
=337  \\$aunmediated$2rdamedia
=338  \\$avolume$2rdacarrier
=490  0\$aChapman & Hall/CRC mathematical and computational biology series
=504  \\$aIncludes bibliographical references and index.
=500  \\$aFormerly CIP.$5Uk
=540  \\$aCurrent Copyright Fee: GBP34.00$c0$5Uk
=650  \0$aGenomics$xData processing.
=650  \0$aComputational biology.
=650  \0$aBioinformatics.
=700  1\$aGordon, Paul M. K.$q(Paul-Michael Kempton),$d1976-
=700  1\$aSensen, C. W.$q(Christoph W.).
=852  41$aBritish Library$bDSC$jm12/.18082
=852  11$aBritish Library$bSTI$k(B)$h572.860285$3Accompanying CD-ROM held at:(B)572.860285
=852  11$aBritish Library$bSTI$k(TB)572.860285
=CAT  \\$aBATCH-CIPN$b00$c20110906$lBLL01$h1701
=CAT  \\$a6524$b40$c20121019$lBLL01$h1051
=CAT  \\$a5751$b40$c20121023$lBLL01$h1447
=CAT  \\$a8964$b40$c20121024$lBLL01$h0840
=CAT  \\$aWR16_021$c20160702$lBLL01$h1816
=CAT  \\$aBATCH-UPD$b00$c20180314$lBLL01$h2050
=CAT  \\$aBATCH-CLAB$c20230324$lBLL01$h1333
=CAT  \\$aIPL-CLA$c20230331$lBLL01$h1706
=CFI  0\$aCurrent Copyright Fee: GBP34.00$c0$e01-apr-2023$fGBP34.00$g0$hC$5Uk
=FIN  \\$aY$d20121023
=LAS  \\$aIPL-CLA$b00$c20230331$lBLL01$h1706

