=LDR  04077cam a2200925 a 4500
=001  015893620
=003  Uk
=005  20221231230841.0
=008  110919s2011\\\\it\ab\\\\b\\\|100\0|eng\\
=FMT  \\$a  BK
=015  \\$aGBB255815$2bnb
=016  7\$a015893620$2Uk
=020  \\$a9789251068878 (pbk.)
=040  \\$aUk$beng$cUk$dUk
=042  \\$aukblsr
=082  04$a577.144$223
=111  2\$aOpen Science Conference on "Africa and the Carbon Cycle: the CarboAfrica Project"$d(2008 :$cAccra, Ghana)
=CNF  \\$aAfrica and the carbon cycle (conference)$d(2008 Nov :$cAccra, Ghana)
=245  10$aAfrica and the carbon cycle :$bproceedings of the Open Science conference on "Africa and carbon cycle: the CarboAfrica project" : Accra (Ghana) 25-27 November 2008 /$c[edited] by Bombelli A. & Valentini R.
=260  \\$aRome :$bFood and Agriculture Organization of the United Nations,$c2011.
=300  \\$axi, 224 p. :$bcol. ill., col. maps ;$c30 cm.
=336  \\$atext$2rdacontent
=337  \\$aunmediated$2rdamedia
=338  \\$avolume$2rdacarrier
=490  0\$aWorld soil resources reports,$x0532-0488 ;$v105
=504  \\$aIncludes bibliographical references.
=591  \\$aPapers.
=540  \\$aCurrent Copyright Fee: GBP25.00$c0$5Uk
=650  \0$aCarbon sequestration$zAfrica$vcongresses.
=650  \0$aCarbon cycle (Biogeochemistry)$zAfrica$vcongresses.
=650  \0$aGreenhouse gases$zAfrica$vCongresses.
=650  \0$aClimatic changes$zAfrica$vCongresses.
=653  \\$aAfrica
=653  \\$aCarbon cycle
=700  1\$aBombelli, A.$q(Antonio).
=700  1\$aValentini, R.$q(Riccardo),$d1959-
=710  2\$aFood and Agriculture Organization of the United Nations.
=710  2\$aCarboAfrica (Project)
=852  41$aBritish Library$bHMNTS$x.
=852  41$aBritish Library$bDSC$j9360.035000
=852  71$aBritish Library$bSTI$k(P)$hDM 80$m-E(25)$2blsrissc
=852  71$aBritish Library$bSTI$k(MP)$hDM 80$m-E(25)$2blsrissc
=852  71$aBritish Library$bSTI$k(TP)$hDM 80$m-E(25)$2blsrissc
=852  41$aBritish Library$bHMNTS$jOPB.2012.x.194
=945  \\$aWorld soil resources report- Food and Agriculture Organization of the United nations, ISSN 0532-0488 ; 105
=985  \\$a700 Bombelli may be new
=CAT  \\$a8411$b40$c20110919$lBLL01$h1637
=CAT  \\$a8479$b40$c20110921$lBLL01$h0933
=CAT  \\$a10896$b40$c20110921$lBLL01$h1230
=CAT  \\$a11249$b40$c20110930$lBLL01$h1203
=CAT  \\$a10775$b40$c20120606$lBLL01$h1401
=CAT  \\$aBATCH-CLA$b00$c20120928$lBLL01$h1838
=CAT  \\$aBATCH-CLA$b00$c20120930$lBLL01$h1049
=CAT  \\$aBATCH-CLA$b00$c20130508$lBLL01$h0737
=CAT  \\$aBATCH-CLA$c20131220$lBLL01$h2113
=CAT  \\$aIPL-CLA$c20140101$lBLL01$h0151
=CAT  \\$aWR16_021$c20160702$lBLL01$h1818
=CAT  \\$aBATCH-CLA$b00$c20160703$lBLL01$h0114
=CAT  \\$aBATCH-CLA$b00$c20161222$lBLL01$h1833
=CAT  \\$aBATCH-UPD$b00$c20161224$lBLL01$h1441
=CAT  \\$aBATCH-CLA$b00$c20161225$lBLL01$h0136
=CAT  \\$aIPL-CLA$c20161230$lBLL01$h2357
=CAT  \\$aBATCH-CLA$b00$c20171222$lBLL01$h2208
=CAT  \\$aIPL-CLA$c20171231$lBLL01$h1809
=CAT  \\$aBATCH-CLA$b00$c20191219$lBLL01$h1757
=CAT  \\$aIPL-CLA$c20191231$lBLL01$h2029
=CAT  \\$aR2001-1524$c20200127$lBLL01$h2054
=CAT  \\$aBATCH-CLA$b00$c20200128$lBLL01$h0447
=CAT  \\$aBATCH-CLA$b00$c20201204$lBLL01$h1607
=CAT  \\$aIPL-CLA$c20201231$lBLL01$h2329
=CAT  \\$aBATCH-CLA$b00$c20221221$lBLL01$h1923
=CAT  \\$aIPL-CLA$c20221231$lBLL01$h2308
=CFI  0\$aCurrent Copyright Fee: GBP25.00$c0$e01-jan-2023$fGBP25.00$g0$hA$5Uk
=CFI  2\$aPrevious Copyright Fee: GBP22.50$c0$e01-jan-2021$fGBP22.50$g0$hA$5Uk
=FIN  \\$aY$d20110921
=TCO  \\$aITA$bAIDRO / SIAE$c008
=ACF  \\$aPrevious Copyright Fee: GBP12.30$c0$e01-jan-2014$fGBP12.30$g0$hA$5Uk
=ACF  \\$aPrevious Copyright Fee: GBP15.00$c0$e01-jan-2017$fGBP15.00$g0$hA$5Uk
=ACF  \\$aPrevious Copyright Fee: GBP20.00$c0$e01-jan-2020$fGBP20.00$g0$hA$5Uk
=LAS  \\$aIPL-CLA$b00$c20221231$lBLL01$h2308

