=LDR  01419 am a2200433 a 4500
=001  015973350
=003  Uk
=005  20111229115422.0
=008  111207s2012\\\\enk\\\\\\\\\\|0|1\0|eng\d
=015  \\$aGBB1E6854$2bnb
=016  7\$a015973350$2Uk
=020  \\$a9781856047593 (pbk.)
=020  \\$a1856047598 (pbk.)
=035  \\$a(OCoLC)767726839
=040  \\$aUIU$cUIU$dBTCTA$dUk
=042  \\$aukblsr
=082  04$a025.52$223
=100  1\$aDawson, Heather.
=245  10$aKnow it all, find it fast for academic libraries /$cHeather Dawson.
=260  \\$aLondon :$bFacet,$c2012.
=300  \\$axi, 387 p. ;$c24 cm.
=336  \\$atext$2rdacontent
=337  \\$aunmediated$2rdamedia
=338  \\$avolume$2rdacarrier
=504  \\$aIncludes index.
=650  \0$aInformation resources.
=852  11$aBritish Library$bHMNTS$cSPHOA$kHLR Enquiry Desk$h025.52
=852  11$aBritish Library$bHMNTS$cSPHOA$kHUR$h025.52
=852  41$aBritish Library$bHMNTS$cSPHOA
=852  41$aBritish Library$bHMNTS$jYK.2012.a.19133
=852  41$aBritish Library$bSTI$k(B)$h025.52$mEnquiry Desk Science 2
=852  41$aBritish Library$bSTI$k(B)$h025.52$mEnquiry Desk Science 3
=CAT  \\$a10812$b40$c20111122$lBLL01$h1359
=CAT  \\$a5447$b40$c20111229$lBLL01$h1154
=CAT  \\$aWR16_021$c20160702$lBLL01$h1826
=FIN  \\$aY$d20111229
=FMT  \\$a  BK
=LAS  \\$aWR16_021$b00$c20160702$lBLL01$h1826
=SID  \\$aZ39$bOCLC

