=LDR  02750pam a2200673 i 4500
=001  016009597
=003  Uk
=005  20150811104214.0
=008  120111m20122015enka\\\\\b\\\|0|1\0|eng|d
=FMT  \\$a  BK
=015  \\$aGBB203860$2bnb
=016  7\$a016009597$2Uk
=020  \\$a9780521859387 (v. 1 : hardback) :$c£140.00
=020  \\$a0521859387 (v. 1 : hardback) :$c£140.00
=020  \\$a9780521860062 (v. 2 : hardback) :$cNo price
=020  \\$a0521860067 (v. 2 : hardback) :$cNo price
=020  \\$a9780521858236 (v. 4 : hardback)
=020  \\$z9781316190449 (v. 4 : PDF ebook) :$cNo price
=040  \\$aStDuBDS$beng$cStDuBDS$dUk$erda
=042  \\$aukblsr
=082  04$a220.09$223
=245  04$aThe new Cambridge history of the Bible.
=246  30$aHistory of the Bible
=264  \1$aCambridge :$bCambridge University Press,$c2012-2015.
=300  \\$a4 volumes :$billustrations (black and white) ;$c24 cm
=336  \\$atext$2rdacontent
=337  \\$aunmediated$2rdamedia
=338  \\$avolume$2rdacarrier
=505  0\$av. 1. From the beginnings to 600 / edited by James Carleton Paget and Joachim Schaper -- v. 2. From 600 to 1450 / edited by Richard Marsden and E. Ann Matter -- v. 3. From 1450 to 1750 / edited by Euan Cameron -- v. 4. From 1750 to the present / edited by John Riches.
=504  \\$aIncludes bibliographical references and index.
=500  \\$aFormerly CIP.$5Uk
=630  00$aBible$xHistory.
=630  00$aBible$xUse$xHistory.
=630  00$aBible$xCriticism, interpretation, etc.$xHistory.
=700  1\$aPaget, James Carleton,$eeditor.
=700  1\$aSchaper, Joachim,$eeditor.
=700  1\$aMarsden, Richard,$eeditor.
=700  1\$aMatter, E. Ann,$eeditor.
=700  1\$aRiches, John,$d1939-$eeditor.
=852  41$aBritish Library$bHMNTS$ivol. 1
=852  41$aBritish Library$bHMNTS$jYC.2015.a.9787
=852  41$aBritish Library$bHMNTS$jYC.2014.a.1240
=852  11$aBritish Library$bHMNTS$cSPHOA$kHLR$h220.09
=852  41$aBritish Library$bHMNTS$jYC.2012.a.11332$ivol. 2
=CAT  \\$aBATCH-CIPN$b00$c20120117$lBLL01$h1700
=CAT  \\$a12323$b40$c20120606$lBLL01$h1206
=CAT  \\$a12323$b40$c20120606$lBLL01$h1207
=CAT  \\$a11250$b40$c20120607$lBLL01$h1335
=CAT  \\$a11250$b40$c20130828$lBLL01$h1605
=CAT  \\$a11250$b40$c20140129$lBLL01$h1313
=CAT  \\$a10876$b40$c20150811$lBLL01$h0915
=CAT  \\$a11250$b40$c20150811$lBLL01$h1036
=CAT  \\$a11250$b40$c20150811$lBLL01$h1040
=CAT  \\$a11250$b40$c20150811$lBLL01$h1042
=CAT  \\$aBATCH-UPD$b40$c20150824$lBLL01$h0040
=CAT  \\$aBATCH-UPD$b40$c20150919$lBLL01$h1713
=CAT  \\$aWR16_021$c20160703$lBLL01$h1805
=FIN  \\$aY$d20120607
=LAS  \\$aWR16_021$b00$c20160703$lBLL01$h1805

