=LDR  01581cas a2200409 a 4500
=001  016024859
=003  Uk
=005  20220328121556.0
=007  ta
=008  120206d200u2013enkar\p\\\s\\\0\\\a0eng\\
=FMT  \\$a  SE
=015  \\$aGBB211335$2bnb
=040  \\$aUk$beng$cUk
=042  \\$aukblsr
=082  04$a338.476479541$222
=245  00$aEating out in the UK ... :$ba comprehensive analysis of the UK informal eating out market.
=260  \\$aLondon :$bAllegra Strategies
=300  \\$av. :$bcol. ill., col. ports. ;$c30 cm.
=336  \\$atext$2rdacontent
=337  \\$aunmediated$2rdamedia
=338  \\$avolume$2rdacarrier
=588  \\$aDescription based on: 2010 issue.
=588  \\$aLatest issue consulted: 2011.
=650  \0$aMarket surveys$zGreat Britain.
=650  \0$aFast food restaurants$zGreat Britain$xStatistics$vPeriodicals.
=650  \0$aRestaurants$zGreat Britain$xStatistics$vPeriodicals.
=650  \0$aDinners and dining$zGreat Britain$xStatistics$vPeriodicals.
=690  7\$aManagement and Business Studies$2blcoll
=710  2\$aAllegra Strategies Limited.
=852  71$aBritish Library$bSTI$cRES$kBusiness Reserve Embargo$3Unavailable for one year
=852  41$aBritish Library$bHMNTS$jZK.9.b.29997$32010-2011***Earlier issues
=852  11$aBritish Library$bSTI$cBIPC$k(B) MKT$h338.476479541$mBusiness$32013***Current available issue
=CAT  \\$a5110$b40$c20120206$lBLL01$h1349
=CAT  \\$aBATCH-MBS$c20120302$lBLL01$h2125
=CAT  \\$a6490$b40$c20220328$lBLL01$h1215
=FIN  \\$aY$d20120206
=LAS  \\$a6490$b40$c20220328$lBLL01$h1215

