=LDR  02079cam a2200589 a 4500
=001  013818968
=003  Uk
=005  20220331224539.0
=008  070720s2007\\\\cauac\\\\be\\\001\0\eng\\
=FMT  \\$a  BK
=010  \\$a  2007029847
=015  \\$aGBA764948$2bnb
=016  7\$a013818968$2Uk
=020  \\$a9781412949897 (set) :$c£215.00
=020  \\$a1412949890 (set) :$c£215.00
=035  \\$a(DNLM)101312372
=040  \\$aStDuBDS$beng$cStDuBDS$dUk
=042  \\$aukblsr
=050  00$aRC254.5$b.E48 2007
=060  10$aQZ 13$bE562 2007
=082  00$a616.994003$222
=245  00$aEncyclopedia of cancer and society /$cGraham A. Colditz, general editor.
=260  \\$aLos Angeles ;$aLondon :$bSAGE,$cc2007.
=300  \\$a3 v. :$bill. (some col.), 1 port. ;$c29 cm.
=336  \\$atext$2rdacontent
=337  \\$aunmediated$2rdamedia
=338  \\$avolume$2rdacarrier
=504  \\$aIncludes bibliographical references and index.
=500  \\$aFormerly CIP.$5Uk
=540  \\$aCurrent Copyright Fee: GBP26.00$c0$5Uk
=650  \0$aCancer$vEncyclopedias.
=650  \0$aCancer$xSocial aspects$vEncyclopedias.
=700  1\$aColditz, Graham A.
=852  11$aBritish Library$bSTI$k(B)$h616.994003
=852  41$aBritish Library$bDSC$cQ$ivol. 3
=852  41$aBritish Library$bDSC$jQ616.994003$ivol. 1
=852  41$aBritish Library$bDSC$jQ616.994003$ivol. 2
=CAT  \\$aBATCH-CIP$b00$c20070814$lBLL01$h1702
=CAT  \\$aBATCH$b00$c20070814$lBLL01$h1703
=CAT  \\$aBATCH$b00$c20070814$lBLL01$h1710
=CAT  \\$aBATCH$b00$c20070927$lBLL01$h1331
=CAT  \\$aBATCH$b00$c20070927$lBLL01$h1333
=CAT  \\$a10812$b40$c20071129$lBLL01$h1049
=CAT  \\$a11009$b40$c20071203$lBLL01$h1039
=CAT  \\$a11009$b40$c20071203$lBLL01$h1520
=CAT  \\$aWR16_021$c20160618$lBLL01$h1803
=CAT  \\$aBATCH-CLAB$c20220330$lBLL01$h1707
=CAT  \\$aIPL-CLA$c20220331$lBLL01$h2245
=CFI  0\$aCurrent Copyright Fee: GBP26.00$c0$e01-apr-2022$fGBP26.00$g0$hC$5Uk
=FIN  \\$aY$d20071203
=SRC  \\$aBLL02
=LAS  \\$aIPL-CLA$b00$c20220331$lBLL01$h2245

