=LDR  02593pam a2200697 a 4500
=001  014519104
=003  Uk
=005  20090819091433.0
=008  080611s2008\\\\nyu\\\\\\\\\\\000\0\eng\\
=FMT  \\$a  BK
=010  \\$a  2008026099
=015  \\$aGBA817413$2bnb
=016  7\$a014519104$2Uk
=020  \\$a9780199547357 (Spanish edition) :$cNo price
=020  \\$a9780195367492 (Latin American edition) :$cNo price
=020  \\$a9780199208975 (US edition) :$cNo price
=020  \\$a9780199543403 (hbk.) :$c£29.99
=020  \\$a0199543402 (hbk.) :$c£29.99
=040  \\$aStDuBDS$beng$cStDuBDS$dUk
=041  0\$aeng$aspa
=042  \\$aukblsr
=050  00$aPC4640$b.O94 2008
=082  00$a463.21$222
=245  04$aThe Oxford Spanish dictionary :$bSpanish-English, English-Spanish /$cchief editors Beatriz Galimberti Jarman, Roy Russell.
=250  \\$a4th ed.
=260  \\$aOxford :$bOxford University Press,$cc2008.
=300  \\$axlviii, 1943 p. ;$c26 cm.
=336  \\$atext$2rdacontent
=337  \\$aunmediated$2rdamedia
=338  \\$avolume$2rdacarrier
=500  \\$aFormerly CIP.$5Uk
=500  \\$a"4th ed. edited by Nicholas Rollin, Carol Styles Carvajal" - - Cover.
=650  \0$aSpanish language$vDictionaries$xEnglish.
=650  \0$aEnglish language$vDictionaries$xSpanish.
=700  1\$aGalimberti Jarman, Beatriz.
=700  1\$aRussell, Roy,$d1954-
=700  1\$aCarvajal, Carol Styles.
=700  1\$aRollin, Nicholas.
=852  11$aBritish Library$bSTI$cBIPC
=852  11$aBritish Library$bHMNTS$kRAR$h463
=852  11$aBritish Library$bHMNTS$kOIA$h463
=852  41$aBritish Library$bHMNTS$jHUD$mSPA
=852  11$aBritish Library$bHMNTS$kMSS$h463
=852  41$aBritish Library$bHMNTS$kOPL$hIndex
=852  41$aBritish Library$bHMNTS$kMaps Ref$hB.2.(16)
=852  41$aBritish Library$bHMNTS$jYC.2010.b.1567
=852  11$aBritish Library$bHMNTS$cSPHOA$kRAR$h463
=852  11$aBritish Library$bHMNTS$cSPHOA$kHLR$h463
=852  11$aBritish Library$bHMNTS$cSPHOA$kHUR$h463
=852  41$aBritish Library$bHMNTS$kHLD$hSPA
=852  41$aBritish Library$bHMNTS$jYC.2009.b.1315
=CAT  \\$aBATCH-CIP$b00$c20080212$lBLL01$h1702
=CAT  \\$aBATCH$b00$c20080212$lBLL01$h1703
=CAT  \\$aBATCH$b00$c20080212$lBLL01$h1709
=CAT  \\$a8440$b40$c20080718$lBLL01$h1156
=CAT  \\$a8440$b40$c20080718$lBLL01$h1159
=CAT  \\$aBATCH-BUOC$b00$c20080828$lBLL01$h2143
=CAT  \\$a6605$b40$c20090819$lBLL01$h0914
=CAT  \\$aWR16_021$c20160618$lBLL01$h1830
=FIN  \\$aY$d20080718
=LAS  \\$aWR16_021$b00$c20160618$lBLL01$h1830

