=LDR  02468cam a2200637 a 4500
=001  014566547
=003  Uk
=005  20221231221446.0
=008  080303s2008\\\\ctuab\\\\be\\\001\0\eng\d
=FMT  \\$a  BK
=015  \\$aGBA847687$2bnb
=016  7\$a014566547$2Uk
=020  \\$a9780313340055 (set) :$c£115.00
=020  \\$a0313340056 (set) :$c£115.00
=020  \\$a9780313340062 (v. 1) :$cNo price
=020  \\$a9780313340079 (v. 2) :$cNo price
=040  \\$aStDuBDS$beng$cStDuBDS$dUk
=042  \\$aukblsr
=082  04$a503$222
=100  1\$aKrebs, Robert E.,$d1922-2009.
=245  10$aEncyclopedia of scientific principles, laws, and theories /$cRobert E. Krebs ; illustrations by Rae Déjur.
=260  \\$aWestport, Conn. ;$aLondon :$bGreenwood,$c2008.
=300  \\$a2 v. (xxxiii, 678 p.) :$bill., 1 map ;$c26 cm.
=336  \\$atext$2rdacontent
=337  \\$aunmediated$2rdamedia
=338  \\$avolume$2rdacarrier
=504  \\$aIncludes bibliographical references and index.
=505  0\$av. 1. A-K -- v. 2. L-Z.
=500  \\$aFormerly CIP.$5Uk
=540  \\$aCurrent Copyright Fee: GBP30.00$c0$5Uk
=650  \0$aScience$vEncyclopedias.
=650  \0$aScience$xHistory$vEncyclopedias.
=650  \0$aPhysical laws$vEncyclopedias.
=852  41$aBritish Library$bHMNTS$jYK.2008.b.7457$ivol. 1
=852  41$aBritish Library$bHMNTS$jYK.2008.b.7458$ivol. 2
=852  41$aBritish Library$bHMNTS$ivol. 2
=852  11$aBritish Library$bHMNTS$cSPHOA$kHLR$h503
=852  41$aBritish Library$bDSC$jQ503$ivol. 1
=852  41$aBritish Library$bDSC$cQ$jQ503$ivol. 2
=CAT  \\$aBATCH-CIP$b00$c20080318$lBLL01$h1703
=CAT  \\$aBATCH$b00$c20080318$lBLL01$h1705
=CAT  \\$aBATCH$b00$c20080318$lBLL01$h1714
=CAT  \\$a6923$b40$c20081210$lBLL01$h1007
=CAT  \\$a11250$b40$c20081212$lBLL01$h0859
=CAT  \\$a11250$b40$c20081212$lBLL01$h0902
=CAT  \\$aWR16_021$c20160619$lBLL01$h1808
=CAT  \\$aBATCH-UPD$b00$c20160619$lBLL01$h1915
=CAT  \\$aBATCH-UPD$b00$c20210812$lBLL01$h2152
=CAT  \\$aBATCH-CLAB$c20220330$lBLL01$h1728
=CAT  \\$aIPL-CLA$c20220331$lBLL01$h2256
=CAT  \\$aBATCH-CLAB$c20221217$lBLL01$h1724
=CAT  \\$aIPL-CLA$c20221231$lBLL01$h2214
=CFI  0\$aCurrent Copyright Fee: GBP30.00$c0$e01-jan-2023$fGBP30.00$g0$hC$5Uk
=CFI  2\$aBritish Library not licensed to copy$c0$e01-apr-2022$hC$iCFP Excluded$5Uk
=FIN  \\$aY$d20081212
=LAS  \\$aIPL-CLA$b00$c20221231$lBLL01$h2214

