=LDR  02471 am a2200589 a 4500
=001  014612046
=003  Uk
=005  20080521140732.0
=008  080501s2008\\\\enk\\\\\\b\\\\000\0\eng\d
=FMT  \\$a  BK
=015  \\$aGBA869834$2bnb
=016  7\$a014612046$2Uk
=020  \\$a9781906280086 (pbk.) :$c£4.95
=020  \\$a1906280088 (pbk.) :$c£4.95
=040  \\$aUK-WkNB$beng$cUK-WkNB$dUk
=042  \\$aukblsr
=082  04$a929.341$222
=100  1\$aGibson, Jeremy Sumner Wycherley.
=245  10$aElectoral Registers 1832-1948; and Burgess Rolls :$ba directory to holdings in Great Britain /$cJeremy Gibson ; introduction by Colin Rogers.
=250  \\$a[New ed.].
=260  \\$aBury :$bThe Family History Partnership,$c2008.
=300  \\$a64 p. ;$c21 cm.
=336  \\$atext$2rdacontent
=337  \\$aunmediated$2rdamedia
=338  \\$avolume$2rdacarrier
=490  1\$aGuides for genealogists, family, and local historians
=500  \\$aPrevious ed. published as: Electrical registers since 1832, and Burgess rolls. Birmingham : Federation of Family History Societies, 1990.
=504  \\$aIncludes bibliographical references.
=650  \0$aVoting registers$zGreat Britain$xSources$vBibliography.
=651  \0$aGreat Britain$xGenealogy$xSources$vBibliography.
=651  \0$aGreat Britain$xHistory$xSources$vBibliography.
=700  1\$aGibson, Jeremy Sumner Wycherley.$tElectorial registers since 1832, and Burgess rolls.
=710  2\$aFamily History Partnership (Organization)
=830  \0$aGuides for genealogists, family, and local historians.
=852  11$aBritish Library$bHMNTS$cSPHOA$kOPL$h324.2410942
=852  41$aBritish Library$bHMNTS$jYD.2008.a.5018
=852  11$aBritish Library$bHMNTS$cSPHOA$kHLR Enquiry Desk$h929.34
=852  41$aBritish Library$bHMNTS$jYC.2009.a.1696
=852  11$aBritish Library$bHMNTS$cSPHOA$kOPL Enquiry Desk
=CAT  \\$aBATCH-CMLD$b00$c20080510$lBLL01$h1735
=CAT  \\$aBATCH$b00$c20080510$lBLL01$h1735
=CAT  \\$aBATCH$b00$c20080510$lBLL01$h1739
=CAT  \\$a5751$b40$c20080521$lBLL01$h1138
=CAT  \\$a5751$b40$c20080521$lBLL01$h1339
=CAT  \\$a5751$b40$c20080521$lBLL01$h1407
=CAT  \\$aBATCH$b00$c20091217$lBLL01$h0526
=CAT  \\$aBATCH$b00$c20100103$lBLL01$h1318
=CAT  \\$aBATCH-UPD$b00$c20151218$lBLL01$h0546
=CAT  \\$aWR16_021$c20160620$lBLL01$h1810
=FIN  \\$aY$d20080521
=SRC  \\$aNielsen Bookdata
=LAS  \\$aWR16_021$b00$c20160620$lBLL01$h1810

