=LDR  01875 am a2200505 a 4500
=001  014617428
=003  Uk
=005  20080520145537.0
=008  080515s2008\\\\xxka\\\\\b\\\\000\0\eng\\
=FMT  \\$a  BK
=015  \\$aGBA868055$2bnb
=016  7\$a014617428$2Uk
=020  \\$a9781402069949 (hbk.) :$cNo price
=020  \\$a9781402069956 (e-book)
=040  \\$aUk$beng$cUk
=042  \\$aukblsr
=082  04$a621.31242$222
=245  00$aModeling solid oxide fuel cells :$bmethods, procedures and techniques /$cR. Bove, S. Ubertini, editors.
=260  \\$a[Great Britain?] :$bSpringer,$cc2008.
=300  \\$axiv, 395 p. :$bill. ;$c25 cm. +$e1 CD-ROM.
=336  \\$atext$2rdacontent
=337  \\$aunmediated$2rdamedia
=338  \\$avolume$2rdacarrier
=490  1\$aFuel cells and hydrogen energy ;$vv. 1
=504  \\$aIncludes bibliographical references.
=540  \\$aBritish Library not licensed to copy$c0$5Uk
=650  \0$aSolid oxide fuel cells.
=700  1\$aBove, R.
=700  1\$aUbertini, S.
=830  \0$aFuel cells and hydrogen energy ;$vv. 1.
=852  11$aBritish Library$bSTI$k(TB) 621.31242
=852  11$aBritish Library$bSTI$k(B)$h621.31242$iv.1$3Accompanying CD-Rom held at (TB) 621.31242
=852  41$aBritish Library$bDSC$j4049.508500$iv. 1 (2008)
=CAT  \\$a8178$b40$c20080515$lBLL01$h1114
=CAT  \\$a8178$b40$c20080515$lBLL01$h1117
=CAT  \\$a8962$b40$c20080520$lBLL01$h1454
=CAT  \\$a8962$b40$c20080520$lBLL01$h1455
=CAT  \\$aBATCH$b00$c20091217$lBLL01$h0527
=CAT  \\$aBATCH$b00$c20100103$lBLL01$h1319
=CAT  \\$aBATCH-UPD$b00$c20101009$lBLL01$h0851
=CAT  \\$aWR16_021$c20160620$lBLL01$h1811
=CAT  \\$aBATCH-CLA$b00$c20160621$lBLL01$h0121
=CFI  0\$aBritish Library not licensed to copy$c0$e07-sep-2011$hC$iTX$5Uk
=FIN  \\$aY$d20080520
=LAS  \\$aBATCH-CLA$b00$c20160621$lBLL01$h0121

