=LDR  01925 am a2200505 a 4500
=001  014620536
=003  Uk
=005  20080521140549.0
=008  080520s2008\\\\enkb\\\\\b\\\\000\0\eng\\
=FMT  \\$a  BK
=015  \\$aGBA869864$2bnb
=016  7\$a014620536$2Uk
=020  \\$a9781906280093 (pbk.) :$c£4.50
=040  \\$aUk$beng$cUk
=042  \\$aukblsr
=082  04$a929.341$222
=100  1\$aGibson, Jeremy Sumner Wycherley.
=245  10$aPoll books 1696-1872 :$ba directory to holdings in Great Britain /$cJeremy Gibson and Colin Rogers.
=250  \\$a4th ed.
=260  \\$aBury :$bThe Family History Partnership,$c2008.
=300  \\$a56 p. :$bmaps ;$c21 cm.
=336  \\$atext$2rdacontent
=337  \\$aunmediated$2rdamedia
=338  \\$avolume$2rdacarrier
=490  1\$aGuides for genealogists, family, and local historians
=504  \\$aIncludes bibliographical references.
=650  \0$aVoting registers$zGreat Britain$xSources$vBibliography.
=651  \0$aGreat Britain$xGenealogy$xSources$vBibliography.
=651  \0$aGreat Britain$xHistory$xSources$vBibliography.
=700  1\$aRogers, Colin,$d1936-
=710  2\$aFamily History Partnership (Organization)
=830  \0$aGuides for genealogists, family, and local historians.
=852  11$aBritish Library$bHMNTS$cSPHOA$kOPL Enquiry Desk
=852  41$aBritish Library$bHMNTS$jYD.2008.a.5019
=852  11$aBritish Library$bHMNTS$cSPHOA$kHLR Enquiry Desk$h929.34
=852  41$aBritish Library$bHMNTS$jYC.2009.a.1698
=852  11$aBritish Library$bHMNTS$cSPHOA$kOPL$h324.2410942
=CAT  \\$a8440$b40$c20080520$lBLL01$h1222
=CAT  \\$a5751$b40$c20080521$lBLL01$h1405
=CAT  \\$aBATCH$b00$c20091217$lBLL01$h0527
=CAT  \\$aBATCH$b00$c20100103$lBLL01$h1319
=CAT  \\$aBATCH-UPD$b00$c20151218$lBLL01$h0546
=CAT  \\$aWR16_021$c20160620$lBLL01$h1811
=FIN  \\$aY$d20080521
=LAS  \\$aWR16_021$b00$c20160620$lBLL01$h1811

