=LDR  01638 am a2200457 a 4500
=001  014630442
=003  Uk
=005  20080602104440.0
=008  080423s2008\\\\fr\abc\g\\\\\\001\0\fre\d
=FMT  \\$a  BK
=020  \\$a9782846541855
=020  \\$a284654185X (pbk.)
=035  \\$a(OCoLC)227025880
=040  \\$aUk$beng$cUk
=041  0\$afre$achi
=042  \\$aukblsr
=050  04$aCC
=082  14$a951$21
=082  04$a915.16$220
=100  1\$aPelliot, Paul,$d1878-1945.
=245  10$aCarnets de route, 1906-1908 /$cPaul Pelliot ; transcriptions du manuscrit original établies par Esclarmonde Monteil pour le français ...; révision et avertissement de Francis Macouin ; coordination par Jérôme Ghesquière.
=260  \\$aParis :$bLes Indes savantes :$bMusée national des arts asiatiques-Guimet,$cc2008.
=300  \\$a479, viii p. :$bill., maps, ports. ;$c29 cm.
=336  \\$atext$2rdacontent
=337  \\$aunmediated$2rdamedia
=338  \\$avolume$2rdacarrier
=504  \\$aIncludes index.
=600  10$aPelliot, Paul,$d1878-1945$xTravel$zAsia, Central.
=651  \0$aAsia, Central$xDescription and travel.
=700  1\$aMonteil, Esclarmonde.
=700  1\$aMacouin, Francis.
=700  1\$aGhesquière, Jérôme.
=852  41$aBritish Library$bOC$jLF.31.b.4823
=852  41$aBritish Library$bOC$xStaff reference
=852  11$aBritish Library$bOC$cSPHOA$kOIT$h915.16
=CAT  \\$a4039$b40$c20080530$lBLL01$h1707
=CAT  \\$a4039$b40$c20080530$lBLL01$h1720
=CAT  \\$a1722$b40$c20080602$lBLL01$h1044
=FIN  \\$aY$d20080530
=SID  \\$aZ39$bOCLC
=LAS  \\$a1722$b40$c20080602$lBLL01$h1044

