=LDR  02062 as a2200529 a 4500
=001  014759390
=003  Uk
=005  20160818091947.0
=007  ta
=008  080923d20082011enkar\\\\r\\\\0\\\a0eng\\
=FMT  \\$a  SE
=015  \\$aGBA8B1204$2bnb
=040  \\$aUk$beng$cUk
=042  \\$aukblsr
=082  04$a332.742$222
=245  00$aTrade & forfaiting review.$pGlobal contacts directory & organiser.
=246  3\$aTrade and forfaiting review.$pGlobal contacts directory and organiser
=246  17$aTFR global contacts directory & organiser
=260  \\$aLondon :$bArk Group,$c2008-2011
=300  \\$av. :$bcol. ill., col. ports. ;$c21 cm.
=310  \\$aAnnual
=336  \\$atext$2rdacontent
=337  \\$aunmediated$2rdamedia
=338  \\$avolume$2rdacarrier
=362  0\$a2008/09-2012/13.
=550  \\$aCo-published by Trade Bank of Iraq.
=650  \0$aForfaiting$vDirectories.
=690  7\$aManagement and Business Studies$2blcoll
=710  2\$aTrade Bank of Iraq.
=772  0\$tTrade & forfaiting review$x1465-136X
=780  00$tTrade & forfaiting review. Global contacts directory
=785  00$tTrade & forfaiting review. Global contacts directory (2013)
=852  41$aBritish Library$bSTI$cBIPC$32008/2009-2010/2011
=852  11$aBritish Library$bSTI$cBIPC$k(B) DIR$h332.742$mBusiness$32008/2009-2012/2013***Current issue
=852  41$aBritish Library$bHMNTS$jZK.9.a.11272$3Earlier issues
=CAT  \\$a8124$b40$c20080923$lBLL01$h1228
=CAT  \\$a8124$b40$c20080924$lBLL01$h0928
=CAT  \\$a8124$b40$c20080924$lBLL01$h1431
=CAT  \\$aBATCH$b00$c20090625$lBLL01$h1719
=CAT  \\$a5997$b40$c20131007$lBLL01$h0950
=CAT  \\$a5997$b40$c20131007$lBLL01$h0957
=CAT  \\$aWR14_140$c20140905$lBLL01$h1820
=CAT  \\$a7778$b40$c20160818$lBLL01$h0919
=FIN  \\$aY$d20080923
=LKR  \\$aPAR$b014050691$lBLL01$r78000$mTrade & forfaiting review. Global contacts directory & organiser$nTrade & forfaiting review. Global contacts directory
=TCO  \\$aCLA$bCLA$c008
=LAS  \\$a7778$b40$c20160818$lBLL01$h0919

