=LDR  04669cam a2200661 a 4500
=001  014881066
=003  Uk
=005  20110609115903.0
=008  081124m20009999xxua\\\\\b\\\\001\0\eng\d
=FMT  \\$a  BK
=035  \\$a(OCoLC)276332035
=040  \\$aUk$beng$cUk
=042  \\$aukblsr
=082  04$a595.772$222
=100  1\$aReinert, John F.
=245  10$aComparative anatomy of the female genitalia of generic-level taxa in tribe Aedini (Diptera: Culicidae) /$cby John F. Reinert.
=260  \\$aGainsville, Fla. :$bAmerican Entomological Institute,$c2000-
=300  \\$av. :$bill. ;$c26 cm.
=336  \\$atext$2rdacontent
=337  \\$aunmediated$2rdamedia
=338  \\$avolume$2rdacarrier
=490  0\$aContributions of the American Entomological Institute ;$vv. 32, no. 2-5, v. 33, no. 1, v. 35, no. 2-4, v. 36, no. 1-3
=504  \\$aIncludes bibliographical references and index.
=505  1\$apart 1. Introduction, preparation techniques, and anatomical terminology; part II. Genus Psorophora Robineau-Desvoidy; part III. Genus Udaya Thurman; part IV. Genus Zeugnomyia Leicester -- part V. Genus Aedes Meigen -- part VI. Genus Ayurakitia Thurman; part VII. Genus Opifex Hutton; part VIII. Genus Verrallina Theobald; part IX. Genus Eretmapodites Theobald -- part X. Genus Heizmannia Ludlow; part XI. Genus Haemagogus Williston; part XII. Genus Armigeres Theobald -- part XIII. Genus Ochlerotatus Lynch Arribalzaga; part XIV. Key to genera -- part XV. Genus Georgecraigius; part XVI. Genus Phagomyia; part XVII. Genus Dahliana; part XVIII. Genus Hulecoeteomyia -- part XIX. Genus Danielsia; part XX. Genus Rampamyia Reinert, Harbach and Kitching; part XXI. Genus Patmarksia Reinert, Harbach and Kitching; part XXII. Genus Downsiomyia Vargas -- part XXIII. Genus Tanakaius Reinert, Harbach and Kitching; part XXIV. Genus Vansomerenis Reinert, Harbach and Kitching; part XXV. Genus Dobrotworskyius Reinert, Harbach and Kitching; part XXVI. Genus Collessius Reinert, Harbach, and Kitching -- part XXVII. Genus Hopkinsius Reinert, Harbach and Kitching; part XXVIII. Genus Luius Reinert, Harbach and Kitching; part XXIX. Genus Jihlienius Reinert, Harbach and Kitching; part XXX. Genus Gilesius Reinert, Harbach and Kitching; part XXXI. Genus Sallumia Reinert, Harbach and Kitching; part XXXII. Genus Jarnellius Reinert, Harbach and Kitching; part XXXIII. Genus Lewnielsenius Reinert, Harbach and Kitching; part XXXIV. Genus Catageiomyia Theobald; part XXXV. Genus Elpeytonius Reinert, Harbach and Kitching; part XXXVI. Genus Polyleptiomyia Reinert, Harbach and Kitching; part XXXVII. Genus Bifidistylus Reinert, Harbach and Kitching; part XXXVIII. Genus Petermattlinglyius Reinert, Harbach and Kitching; part XXXIX. List of descriptions of generic-level taxa.
=650  \0$aMosquitoes$xAnatomy.
=710  2\$aAmerican Entomological Institute.
=852  41$aBritish Library$bSTI$j(P) FY 00 -E(14)
=852  41$aBritish Library$bDSC$j3430.700000
=852  11$aBritish Library$bSTI$k(P)$hFY 00$m-E(14)$iv. 35, no. 3$2blsrissc
=852  71$aBritish Library$bSTI$k(P)$hFY 00$m-E(14)$iv. 36, no. 2$2blsrissc
=852  71$aBritish Library$bSTI$k(P)$hFY 00$m-E(14)$iv. 36, no. 1$2blsrissc
=852  71$aBritish Library$bSTI$k(P)$hFY 00$m-E(14)$iv. 32, no. 4$2blsrissc
=852  71$aBritish Library$bSTI$k(P)$hFY 00$m-E(14)$iv. 32:no. 2$2blsrissc
=852  71$aBritish Library$bSTI$k(P)$hFY 00$m-E(14)$iv. 32, no. 5$2blsrissc
=852  71$aBritish Library$bSTI$k(P)$hFY 00$m-E(14)$iv. 33, no. 1$2blsrissc
=852  71$aBritish Library$bSTI$k(P)$hFY 00$m-E(14)$iv. 32, no. 3$2blsrissc
=852  71$aBritish Library$bSTI$k(P)$hFY 00$m-E(14)$iv. 35, no. 4$2blsrissc
=852  71$aBritish Library$bSTI$2blsrissc
=852  11$aBritish Library$bSTI$k(P)$hFY 00$m-E(14)$iv. 35, no. 2$2blsrissc
=CAT  \\$a6098$b40$c20090116$lBLL01$h1339
=CAT  \\$a6098$b40$c20090116$lBLL01$h1340
=CAT  \\$a6098$b40$c20090116$lBLL01$h1343
=CAT  \\$a11250$b40$c20090202$lBLL01$h1539
=CAT  \\$a11250$b40$c20090202$lBLL01$h1540
=CAT  \\$a11250$b40$c20090406$lBLL01$h1600
=CAT  \\$a11250$b40$c20090406$lBLL01$h1619
=CAT  \\$a11250$b40$c20090409$lBLL01$h1347
=CAT  \\$a11250$b40$c20090409$lBLL01$h1349
=CAT  \\$a6989$b40$c20091015$lBLL01$h1410
=CAT  \\$a6989$b40$c20091015$lBLL01$h1443
=CAT  \\$a6098$b40$c20110411$lBLL01$h0928
=CAT  \\$a6989$b40$c20110412$lBLL01$h1640
=CAT  \\$a6098$b40$c20110606$lBLL01$h1156
=CAT  \\$a6989$b40$c20110609$lBLL01$h1148
=CAT  \\$a6989$b40$c20110609$lBLL01$h1159
=FIN  \\$aY$d20090202
=SID  \\$aZ39$bOCLC
=LAS  \\$a6989$b40$c20110609$lBLL01$h1159

